@misc{MPGadget2018,
  author       = {Yu Feng and
                  Simeon Bird and
                  Lauren Anderson and
                  Andreu Font-Ribera and
                  Chris Pedersen},
  title        = {MP-Gadget/MP-Gadget: A tag for getting a DOI},
  month        = oct,
  year         = 2018,
  doi          = {10.5281/zenodo.1451799},
  url          = {https://doi.org/10.5281/zenodo.1451799}
}


@ARTICLE{Springel:2005,
   author = {{Springel}, V.},
    title = "{The cosmological simulation code GADGET-2}",
  journal = {\mnras},
   eprint = {astro-ph/0505010},
 keywords = {methods: numerical, galaxies: interactions, dark matter},
     year = 2005,
    month = dec,
   volume = 364,
    pages = {1105-1134},
      doi = {10.1111/j.1365-2966.2005.09655.x},
   adsurl = {http://adsabs.harvard.edu/abs/2005MNRAS.364.1105S},
  adsnote = {Provided by the SAO/NASA Astrophysics Data System}
}




@ARTICLE{Feng:2016,
   author = {{Feng}, Y. and {Di-Matteo}, T. and {Croft}, R.~A. and {Bird}, S. and
	{Battaglia}, N. and {Wilkins}, S.},
    title = "{The BlueTides simulation: first galaxies and reionization}",
  journal = {\mnras},
archivePrefix = "arXiv",
   eprint = {1504.06619},
 keywords = {Galaxy: formation, dark ages, reionization, first stars},
     year = 2016,
    month = jan,
   volume = 455,
    pages = {2778-2791},
      doi = {10.1093/mnras/stv2484},
   adsurl = {http://adsabs.harvard.edu/abs/2016MNRAS.455.2778F},
  adsnote = {Provided by the SAO/NASA Astrophysics Data System}
}

@ARTICLE{Pillepich:2018,
       author = {{Pillepich}, Annalisa and {Springel}, Volker and {Nelson}, Dylan and {Genel}, Shy and {Naiman}, Jill and {Pakmor}, R{\"u}diger and {Hernquist}, Lars and {Torrey}, Paul and {Vogelsberger}, Mark and {Weinberger}, Rainer and {Marinacci}, Federico},
        title = "{Simulating galaxy formation with the IllustrisTNG model}",
      journal = {\mnras},
     keywords = {methods: numerical, galaxies: evolution, galaxies: formation, Astrophysics - Astrophysics of Galaxies, Astrophysics - Cosmology and Nongalactic Astrophysics},
         year = 2018,
        month = jan,
       volume = {473},
       number = {3},
        pages = {4077-4106},
          doi = {10.1093/mnras/stx2656},
archivePrefix = {arXiv},
       eprint = {1703.02970},
 primaryClass = {astro-ph.GA},
       adsurl = {https://ui.adsabs.harvard.edu/abs/2018MNRAS.473.4077P},
      adsnote = {Provided by the SAO/NASA Astrophysics Data System}
}

@ARTICLE{Portinari:1998,
       author = {{Portinari}, L. and {Chiosi}, C. and {Bressan}, A.},
        title = "{Galactic chemical enrichment with new metallicity dependent stellar yields}",
      journal = {\aap},
     keywords = {NUCLEAR REACTIONS, NUCLEOSYNTHESIS, ABUNDANCES, STARS: MASS LOSS, SUPERNOVAE: GENERAL, GALAXY: EVOLUTION, GALAXY: ABUNDANCES, SOLAR NEIGHBOURHOOD, Astrophysics},
         year = 1998,
        month = jun,
       volume = {334},
        pages = {505-539},
archivePrefix = {arXiv},
       eprint = {astro-ph/9711337},
 primaryClass = {astro-ph},
       adsurl = {https://ui.adsabs.harvard.edu/abs/1998A&A...334..505P},
      adsnote = {Provided by the SAO/NASA Astrophysics Data System}
}

@ARTICLE{Bird:2018,
       author = {{Bird}, Simeon and {Ali-Ha{\"\i}moud}, Yacine and {Feng}, Yu and {Liu}, Jia},
        title = "{An efficient and accurate hybrid method for simulating non-linear neutrino structure}",
      journal = {\mnras},
     keywords = {neutrinos, dark matter, large-scale structure of Universe, Astrophysics - Cosmology and Nongalactic Astrophysics},
         year = 2018,
        month = dec,
       volume = {481},
       number = {2},
        pages = {1486-1500},
          doi = {10.1093/mnras/sty2376},
archivePrefix = {arXiv},
       eprint = {1803.09854},
 primaryClass = {astro-ph.CO},
       adsurl = {https://ui.adsabs.harvard.edu/abs/2018MNRAS.481.1486B},
      adsnote = {Provided by the SAO/NASA Astrophysics Data System}
}

@ARTICLE{deSalas:2018,
       author = {{de Salas}, P.~F. and {Forero}, D.~V. and {Ternes}, C.~A. and {T{\'o}rtola}, M. and {Valle}, J.~W.~F.},
        title = "{Status of neutrino oscillations 2018: 3{\ensuremath{\sigma}} hint for normal mass ordering and improved CP sensitivity}",
      journal = {Physics Letters B},
     keywords = {Neutrino mass and mixing, Neutrino oscillation, Solar and atmospheric neutrinos, Reactor and accelerator neutrinos, Neutrino telescopes},
         year = 2018,
        month = jul,
       volume = {782},
        pages = {633-640},
          doi = {10.1016/j.physletb.2018.06.019},
       adsurl = {https://ui.adsabs.harvard.edu/abs/2018PhLB..782..633D},
      adsnote = {Provided by the SAO/NASA Astrophysics Data System}
}

@ARTICLE{Yacine:2013,
       author = {{Ali-Ha{\"\i}moud}, Yacine and {Bird}, Simeon},
        title = "{An efficient implementation of massive neutrinos in non-linear structure formation simulations}",
      journal = {\mnras},
     keywords = {neutrinos, cosmology: dark matter, cosmology: large-scale structure of Universe, cosmology: theory, Astrophysics - Cosmology and Nongalactic Astrophysics},
         year = 2013,
        month = feb,
       volume = {428},
       number = {4},
        pages = {3375-3389},
          doi = {10.1093/mnras/sts286},
archivePrefix = {arXiv},
       eprint = {1209.0461},
 primaryClass = {astro-ph.CO},
       adsurl = {https://ui.adsabs.harvard.edu/abs/2013MNRAS.428.3375A},
      adsnote = {Provided by the SAO/NASA Astrophysics Data System}
}

@ARTICLE{Karakas:2010,
       author = {{Karakas}, A.~I.},
        title = "{Updated stellar yields from asymptotic giant branch models}",
      journal = {\mnras},
     keywords = {nuclear reactions, nucleosynthesis, abundances, stars: AGB and post-AGB, stars: Population II, ISM: abundances, Astrophysics - Solar and Stellar Astrophysics, Astrophysics - Astrophysics of Galaxies},
         year = 2010,
        month = apr,
       volume = {403},
       number = {3},
        pages = {1413-1425},
          doi = {10.1111/j.1365-2966.2009.16198.x},
archivePrefix = {arXiv},
       eprint = {0912.2142},
 primaryClass = {astro-ph.SR},
       adsurl = {https://ui.adsabs.harvard.edu/abs/2010MNRAS.403.1413K},
      adsnote = {Provided by the SAO/NASA Astrophysics Data System}
}

@ARTICLE{Doherty:2014a,
       author = {{Doherty}, Carolyn L. and {Gil-Pons}, Pilar and {Lau}, Herbert H.~B. and {Lattanzio}, John C. and {Siess}, Lionel},
        title = "{Super and massive AGB stars - II. Nucleosynthesis and yields - Z = 0.02, 0.008 and 0.004}",
      journal = {\mnras},
     keywords = {nuclear reactions, nucleosynthesis, abundances, stars: AGB and post-AGB, ISM: abundances, Astrophysics - Solar and Stellar Astrophysics},
         year = 2014,
        month = jan,
       volume = {437},
       number = {1},
        pages = {195-214},
          doi = {10.1093/mnras/stt1877},
archivePrefix = {arXiv},
       eprint = {1310.2614},
 primaryClass = {astro-ph.SR},
       adsurl = {https://ui.adsabs.harvard.edu/abs/2014MNRAS.437..195D},
      adsnote = {Provided by the SAO/NASA Astrophysics Data System}
}

@ARTICLE{Doherty:2014b,
       author = {{Doherty}, Carolyn L. and {Gil-Pons}, Pilar and {Lau}, Herbert H.~B. and {Lattanzio}, John C. and {Siess}, Lionel and {Campbell}, Simon W.},
        title = "{Super and massive AGB stars - III. Nucleosynthesis in metal-poor and very metal-poor stars - Z = 0.001 and 0.0001}",
      journal = {\mnras},
     keywords = {nuclear reactions, nucleosynthesis, abundances, stars: AGB and post-AGB, ISM: abundances, globular clusters: individual: NGC 2808, Astrophysics - Solar and Stellar Astrophysics},
         year = 2014,
        month = jun,
       volume = {441},
       number = {1},
        pages = {582-598},
          doi = {10.1093/mnras/stu571},
archivePrefix = {arXiv},
       eprint = {1403.5054},
 primaryClass = {astro-ph.SR},
       adsurl = {https://ui.adsabs.harvard.edu/abs/2014MNRAS.441..582D},
      adsnote = {Provided by the SAO/NASA Astrophysics Data System}
}

@ARTICLE{Nomoto:1997,
       author = {{Nomoto}, K. and {Iwamoto}, K. and {Nakasato}, N. and {Thielemann}, F. -K. and {Brachwitz}, F. and {Tsujimoto}, T. and {Kubo}, Y. and {Kishimoto}, N.},
        title = "{Nucleosynthesis in type Ia supernovae}",
      journal = {\nphysa},
     keywords = {Astrophysics},
         year = 1997,
        month = feb,
       volume = {621},
        pages = {467-476},
          doi = {10.1016/S0375-9474(97)00291-1},
archivePrefix = {arXiv},
       eprint = {astro-ph/9706025},
 primaryClass = {astro-ph},
       adsurl = {https://ui.adsabs.harvard.edu/abs/1997NuPhA.621..467N},
      adsnote = {Provided by the SAO/NASA Astrophysics Data System}
}

@ARTICLE{Kobayashi:2006,
       author = {{Kobayashi}, Chiaki and {Umeda}, Hideyuki and {Nomoto}, Ken'ichi and {Tominaga}, Nozomu and {Ohkubo}, Takuya},
        title = "{Galactic Chemical Evolution: Carbon through Zinc}",
      journal = {\apj},
     keywords = {Galaxies: Abundances, Galaxies: Evolution, Stars: Supernovae: General, Astrophysics},
         year = 2006,
        month = dec,
       volume = {653},
       number = {2},
        pages = {1145-1171},
          doi = {10.1086/508914},
archivePrefix = {arXiv},
       eprint = {astro-ph/0608688},
 primaryClass = {astro-ph},
       adsurl = {https://ui.adsabs.harvard.edu/abs/2006ApJ...653.1145K},
      adsnote = {Provided by the SAO/NASA Astrophysics Data System}
}

@ARTICLE{Vogelsberger:2013,
       author = {{Vogelsberger}, Mark and {Genel}, Shy and {Sijacki}, Debora and {Torrey}, Paul and {Springel}, Volker and {Hernquist}, Lars},
        title = "{A model for cosmological simulations of galaxy formation physics}",
      journal = {\mnras},
     keywords = {methods: numerical, cosmology: theory, Astrophysics - Cosmology and Nongalactic Astrophysics},
         year = 2013,
        month = dec,
       volume = {436},
       number = {4},
        pages = {3031-3067},
          doi = {10.1093/mnras/stt1789},
archivePrefix = {arXiv},
       eprint = {1305.2913},
 primaryClass = {astro-ph.CO},
       adsurl = {https://ui.adsabs.harvard.edu/abs/2013MNRAS.436.3031V},
      adsnote = {Provided by the SAO/NASA Astrophysics Data System}
}

@article{2014arXiv1410.2805H,
   author={{Habib}, S. and {Pope}, A. and {Finkel}, H. and {Frontiere}, N. and {Heitmann}, K. and {Daniel}, D. and {Fasel}, P. and {Morozov}, V. and {Zagaris}, G. and {Peterka}, T. and {Vishwanath}, V. and {Lukic}, Z. and {Sehrish}, S. and {Liao}, W.-k.},

   title={"{HACC: Simulating Sky Surveys on State-of-the-Art Supercomputing Architectures}"},

   journal={ArXiv e-prints},

   archivePrefix={"arXiv"},

   eprint={1410.2805},

   primaryClass={"astro-ph.IM"},

   keywords={Astrophysics – Instrumentation and Methods for Astrophysics, Astrophysics – Cosmology and Nongalactic Astrophysics},

   year={2014},

   month={oct},

   adsurl={http://adsabs.harvard.edu/abs/2014arXiv1410.2805H},

   adsnote={Provided by the SAO/NASA Astrophysics Data System}

}

@ARTICLE{2014MNRAS.440.1865F,
       author = {{Feng}, Yu and {Di Matteo}, Tiziana and {Croft}, Rupert and {Khandai}, Nishikanta},
        title = "{High-redshift supermassive black holes: accretion through cold flows}",
      journal = {\mnras},
     keywords = {accretion, accretion discs, hydrodynamics, cosmology: theory, Astrophysics - Cosmology and Nongalactic Astrophysics},
         year = 2014,
        month = may,
       volume = {440},
       number = {2},
        pages = {1865-1879},
          doi = {10.1093/mnras/stu432},
archivePrefix = {arXiv},
       eprint = {1312.1391},
 primaryClass = {astro-ph.CO},
       adsurl = {https://ui.adsabs.harvard.edu/abs/2014MNRAS.440.1865F},
      adsnote = {Provided by the SAO/NASA Astrophysics Data System}
}

@ARTICLE{2013MNRAS.428.2840H,
       author = {{Hopkins}, Philip F.},
        title = "{A general class of Lagrangian smoothed particle hydrodynamics methods and implications for fluid mixing problems}",
      journal = {\mnras},
     keywords = {hydrodynamics, instabilities, turbulence, methods: numerical, cosmology: theory, Astrophysics - Instrumentation and Methods for Astrophysics, Astrophysics - Cosmology and Nongalactic Astrophysics, Physics - Computational Physics, Physics - Fluid Dynamics},
         year = 2013,
        month = feb,
       volume = {428},
       number = {4},
        pages = {2840-2856},
          doi = {10.1093/mnras/sts210},
archivePrefix = {arXiv},
       eprint = {1206.5006},
 primaryClass = {astro-ph.IM},
       adsurl = {https://ui.adsabs.harvard.edu/abs/2013MNRAS.428.2840H},
      adsnote = {Provided by the SAO/NASA Astrophysics Data System}
}

@ARTICLE{2010MNRAS.405.1513R,
       author = {{Read}, J.~I. and {Hayfield}, T. and {Agertz}, O.},
        title = "{Resolving mixing in smoothed particle hydrodynamics}",
      journal = {\mnras},
     keywords = {hydrodynamics, instabilities, methods: numerical, Astrophysics - Cosmology and Nongalactic Astrophysics, Astrophysics - Earth and Planetary Astrophysics, Astrophysics - Astrophysics of Galaxies},
         year = 2010,
        month = jul,
       volume = {405},
       number = {3},
        pages = {1513-1530},
          doi = {10.1111/j.1365-2966.2010.16577.x},
archivePrefix = {arXiv},
       eprint = {0906.0774},
 primaryClass = {astro-ph.CO},
       adsurl = {https://ui.adsabs.harvard.edu/abs/2010MNRAS.405.1513R},
      adsnote = {Provided by the SAO/NASA Astrophysics Data System}
}

@ARTICLE{2012JCoPh.231..759P,
       author = {{Price}, Daniel J.},
        title = "{Smoothed particle hydrodynamics and magnetohydrodynamics}",
      journal = {Journal of Computational Physics},
     keywords = {Astrophysics - Instrumentation and Methods for Astrophysics, Astrophysics - Cosmology and Extragalactic Astrophysics, Astrophysics - Solar and Stellar Astrophysics, Physics - Fluid Dynamics, Physics - Plasma Physics},
         year = 2012,
        month = feb,
       volume = {231},
       number = {3},
        pages = {759-794},
          doi = {10.1016/j.jcp.2010.12.011},
archivePrefix = {arXiv},
       eprint = {1012.1885},
 primaryClass = {astro-ph.IM},
       adsurl = {https://ui.adsabs.harvard.edu/abs/2012JCoPh.231..759P},
      adsnote = {Provided by the SAO/NASA Astrophysics Data System}
}

@ARTICLE{1996ApJS..105...19K,
       author = {{Katz}, Neal and {Weinberg}, David H. and {Hernquist}, Lars},
        title = "{Cosmological Simulations with TreeSPH}",
      journal = {\apjs},
     keywords = {METHODS: NUMERICAL, HYDRODYNAMICS, GALAXIES: FORMATION, COSMOLOGY: LARGE-SCALE STRUCTURE OF UNIVERSE, COSMOLOGY: THEORY, COSMOLOGY: DARK MATTER, Astrophysics},
         year = 1996,
        month = jul,
       volume = {105},
        pages = {19},
          doi = {10.1086/192305},
archivePrefix = {arXiv},
       eprint = {astro-ph/9509107},
 primaryClass = {astro-ph},
       adsurl = {https://ui.adsabs.harvard.edu/abs/1996ApJS..105...19K},
      adsnote = {Provided by the SAO/NASA Astrophysics Data System}
}

@ARTICLE{Vogelsberger:2014,
       author = {{Vogelsberger}, Mark and {Genel}, Shy and {Springel}, Volker and {Torrey}, Paul and {Sijacki}, Debora and {Xu}, Dandan and {Snyder}, Greg and {Nelson}, Dylan and {Hernquist}, Lars},
        title = "{Introducing the Illustris Project: simulating the coevolution of dark and visible matter in the Universe}",
      journal = {\mnras},
     keywords = {methods: numerical, cosmology: theory, Astrophysics - Cosmology and Nongalactic Astrophysics},
         year = 2014,
        month = oct,
       volume = {444},
       number = {2},
        pages = {1518-1547},
          doi = {10.1093/mnras/stu1536},
archivePrefix = {arXiv},
       eprint = {1405.2921},
 primaryClass = {astro-ph.CO},
       adsurl = {https://ui.adsabs.harvard.edu/abs/2014MNRAS.444.1518V},
      adsnote = {Provided by the SAO/NASA Astrophysics Data System}
}

@ARTICLE{2011ApJ...729...36K,
       author = {{Krumholz}, Mark R. and {Gnedin}, Nickolay Y.},
        title = "{A Comparison of Methods for Determining the Molecular Content of Model Galaxies}",
      journal = {\apj},
     keywords = {cosmology: theory, galaxies: evolution, galaxies: ISM, ISM: molecules, methods: numerical, stars: formation, Astrophysics - Cosmology and Nongalactic Astrophysics},
         year = 2011,
        month = mar,
       volume = {729},
       number = {1},
          eid = {36},
        pages = {36},
          doi = {10.1088/0004-637X/729/1/36},
archivePrefix = {arXiv},
       eprint = {1011.4065},
 primaryClass = {astro-ph.CO},
       adsurl = {https://ui.adsabs.harvard.edu/abs/2011ApJ...729...36K},
      adsnote = {Provided by the SAO/NASA Astrophysics Data System}
}

@ARTICLE{2010MNRAS.406..208O,
       author = {{Okamoto}, Takashi and {Frenk}, Carlos S. and {Jenkins}, Adrian and {Theuns}, Tom},
        title = "{The properties of satellite galaxies in simulations of galaxy formation}",
      journal = {\mnras},
     keywords = {methods: numerical, galaxies: evolution, galaxies: formation, cosmology: theory, Astrophysics - Cosmology and Nongalactic Astrophysics, Astrophysics - Astrophysics of Galaxies},
         year = 2010,
        month = jul,
       volume = {406},
       number = {1},
        pages = {208-222},
          doi = {10.1111/j.1365-2966.2010.16690.x},
archivePrefix = {arXiv},
       eprint = {0909.0265},
 primaryClass = {astro-ph.CO},
       adsurl = {https://ui.adsabs.harvard.edu/abs/2010MNRAS.406..208O},
      adsnote = {Provided by the SAO/NASA Astrophysics Data System}
}

@ARTICLE{2003MNRAS.339..289S,
       author = {{Springel}, Volker and {Hernquist}, Lars},
        title = "{Cosmological smoothed particle hydrodynamics simulations: a hybrid multiphase model for star formation}",
      journal = {\mnras},
     keywords = {methods: numerical, galaxies: evolution, galaxies: formation, Astrophysics},
         year = 2003,
        month = feb,
       volume = {339},
       number = {2},
        pages = {289-311},
          doi = {10.1046/j.1365-8711.2003.06206.x},
archivePrefix = {arXiv},
       eprint = {astro-ph/0206393},
 primaryClass = {astro-ph},
       adsurl = {https://ui.adsabs.harvard.edu/abs/2003MNRAS.339..289S},
      adsnote = {Provided by the SAO/NASA Astrophysics Data System}
}

@ARTICLE{2013ApJ...776...81B,
       author = {{Battaglia}, N. and {Trac}, H. and {Cen}, R. and {Loeb}, A.},
        title = "{Reionization on Large Scales. I. A Parametric Model Constructed from Radiation-hydrodynamic Simulations}",
      journal = {\apj},
     keywords = {cosmology: theory, intergalactic medium, large-scale structure of universe, methods: numerical, Astrophysics - Cosmology and Nongalactic Astrophysics},
         year = 2013,
        month = oct,
       volume = {776},
       number = {2},
          eid = {81},
        pages = {81},
          doi = {10.1088/0004-637X/776/2/81},
archivePrefix = {arXiv},
       eprint = {1211.2821},
 primaryClass = {astro-ph.CO},
       adsurl = {https://ui.adsabs.harvard.edu/abs/2013ApJ...776...81B},
      adsnote = {Provided by the SAO/NASA Astrophysics Data System}
}

@ARTICLE{Chabrier:2003,
       author = {{Chabrier}, Gilles},
        title = "{Galactic Stellar and Substellar Initial Mass Function}",
      journal = {\pasp},
     keywords = {Galaxies: Luminosity Function, Mass Function, Invited Reviews, Astrophysics},
         year = 2003,
        month = jul,
       volume = {115},
       number = {809},
        pages = {763-795},
          doi = {10.1086/376392},
archivePrefix = {arXiv},
       eprint = {astro-ph/0304382},
 primaryClass = {astro-ph},
       adsurl = {https://ui.adsabs.harvard.edu/abs/2003PASP..115..763C},
      adsnote = {Provided by the SAO/NASA Astrophysics Data System}
}

@ARTICLE{2005Natur.433..604D,
       author = {{Di Matteo}, Tiziana and {Springel}, Volker and {Hernquist}, Lars},
        title = "{Energy input from quasars regulates the growth and activity of black holes and their host galaxies}",
      journal = {\nat},
     keywords = {Astrophysics},
         year = 2005,
        month = feb,
       volume = {433},
       number = {7026},
        pages = {604-607},
          doi = {10.1038/nature03335},
archivePrefix = {arXiv},
       eprint = {astro-ph/0502199},
 primaryClass = {astro-ph},
       adsurl = {https://ui.adsabs.harvard.edu/abs/2005Natur.433..604D},
      adsnote = {Provided by the SAO/NASA Astrophysics Data System}
}

@ARTICLE{2020arXiv201003567S,
       author = {{Springel}, Volker and {Pakmor}, R{\"u}diger and {Zier}, Oliver and {Reinecke}, Martin},
        title = "{Simulating cosmic structure formation with the GADGET-4 code}",
      journal = {arXiv e-prints},
     keywords = {Astrophysics - Instrumentation and Methods for Astrophysics, Astrophysics - Cosmology and Nongalactic Astrophysics},
         year = 2020,
        month = oct,
          eid = {arXiv:2010.03567},
        pages = {arXiv:2010.03567},
archivePrefix = {arXiv},
       eprint = {2010.03567},
 primaryClass = {astro-ph.IM},
       adsurl = {https://ui.adsabs.harvard.edu/abs/2020arXiv201003567S},
      adsnote = {Provided by the SAO/NASA Astrophysics Data System}
}

@ARTICLE{Planck,
       author = {{Planck Collaboration} and {Aghanim}, N. and {Akrami}, Y. and {Ashdown}, M. and {Aumont}, J. and {Baccigalupi}, C. and {Ballardini}, M. and {Banday}, A.~J. and {Barreiro}, R.~B. and {Bartolo}, N. and {Basak}, S. and {Battye}, R. and {Benabed}, K. and {Bernard}, J. -P. and {Bersanelli}, M. and {Bielewicz}, P. and {Bock}, J.~J. and {Bond}, J.~R. and {Borrill}, J. and {Bouchet}, F.~R. and {Boulanger}, F. and {Bucher}, M. and {Burigana}, C. and {Butler}, R.~C. and {Calabrese}, E. and {Cardoso}, J. -F. and {Carron}, J. and {Challinor}, A. and {Chiang}, H.~C. and {Chluba}, J. and {Colombo}, L.~P.~L. and {Combet}, C. and {Contreras}, D. and {Crill}, B.~P. and {Cuttaia}, F. and {de Bernardis}, P. and {de Zotti}, G. and {Delabrouille}, J. and {Delouis}, J. -M. and {Di Valentino}, E. and {Diego}, J.~M. and {Dor{\'e}}, O. and {Douspis}, M. and {Ducout}, A. and {Dupac}, X. and {Dusini}, S. and {Efstathiou}, G. and {Elsner}, F. and {En{\ss}lin}, T.~A. and {Eriksen}, H.~K. and {Fantaye}, Y. and {Farhang}, M. and {Fergusson}, J. and {Fernandez-Cobos}, R. and {Finelli}, F. and {Forastieri}, F. and {Frailis}, M. and {Fraisse}, A.~A. and {Franceschi}, E. and {Frolov}, A. and {Galeotta}, S. and {Galli}, S. and {Ganga}, K. and {G{\'e}nova-Santos}, R.~T. and {Gerbino}, M. and {Ghosh}, T. and {Gonz{\'a}lez-Nuevo}, J. and {G{\'o}rski}, K.~M. and {Gratton}, S. and {Gruppuso}, A. and {Gudmundsson}, J.~E. and {Hamann}, J. and {Handley}, W. and {Hansen}, F.~K. and {Herranz}, D. and {Hildebrandt}, S.~R. and {Hivon}, E. and {Huang}, Z. and {Jaffe}, A.~H. and {Jones}, W.~C. and {Karakci}, A. and {Keih{\"a}nen}, E. and {Keskitalo}, R. and {Kiiveri}, K. and {Kim}, J. and {Kisner}, T.~S. and {Knox}, L. and {Krachmalnicoff}, N. and {Kunz}, M. and {Kurki-Suonio}, H. and {Lagache}, G. and {Lamarre}, J. -M. and {Lasenby}, A. and {Lattanzi}, M. and {Lawrence}, C.~R. and {Le Jeune}, M. and {Lemos}, P. and {Lesgourgues}, J. and {Levrier}, F. and {Lewis}, A. and {Liguori}, M. and {Lilje}, P.~B. and {Lilley}, M. and {Lindholm}, V. and {L{\'o}pez-Caniego}, M. and {Lubin}, P.~M. and {Ma}, Y. -Z. and {Mac{\'\i}as-P{\'e}rez}, J.~F. and {Maggio}, G. and {Maino}, D. and {Mandolesi}, N. and {Mangilli}, A. and {Marcos-Caballero}, A. and {Maris}, M. and {Martin}, P.~G. and {Martinelli}, M. and {Mart{\'\i}nez-Gonz{\'a}lez}, E. and {Matarrese}, S. and {Mauri}, N. and {McEwen}, J.~D. and {Meinhold}, P.~R. and {Melchiorri}, A. and {Mennella}, A. and {Migliaccio}, M. and {Millea}, M. and {Mitra}, S. and {Miville-Desch{\^e}nes}, M. -A. and {Molinari}, D. and {Montier}, L. and {Morgante}, G. and {Moss}, A. and {Natoli}, P. and {N{\o}rgaard-Nielsen}, H.~U. and {Pagano}, L. and {Paoletti}, D. and {Partridge}, B. and {Patanchon}, G. and {Peiris}, H.~V. and {Perrotta}, F. and {Pettorino}, V. and {Piacentini}, F. and {Polastri}, L. and {Polenta}, G. and {Puget}, J. -L. and {Rachen}, J.~P. and {Reinecke}, M. and {Remazeilles}, M. and {Renzi}, A. and {Rocha}, G. and {Rosset}, C. and {Roudier}, G. and {Rubi{\~n}o-Mart{\'\i}n}, J.~A. and {Ruiz-Granados}, B. and {Salvati}, L. and {Sandri}, M. and {Savelainen}, M. and {Scott}, D. and {Shellard}, E.~P.~S. and {Sirignano}, C. and {Sirri}, G. and {Spencer}, L.~D. and {Sunyaev}, R. and {Suur-Uski}, A. -S. and {Tauber}, J.~A. and {Tavagnacco}, D. and {Tenti}, M. and {Toffolatti}, L. and {Tomasi}, M. and {Trombetti}, T. and {Valenziano}, L. and {Valiviita}, J. and {Van Tent}, B. and {Vibert}, L. and {Vielva}, P. and {Villa}, F. and {Vittorio}, N. and {Wandelt}, B.~D. and {Wehus}, I.~K. and {White}, M. and {White}, S.~D.~M. and {Zacchei}, A. and {Zonca}, A.},
        title = "{Planck 2018 results. VI. Cosmological parameters}",
      journal = {\aap},
     keywords = {cosmic background radiation, cosmological parameters, Astrophysics - Cosmology and Nongalactic Astrophysics},
         year = 2020,
        month = sep,
       volume = {641},
          eid = {A6},
        pages = {A6},
          doi = {10.1051/0004-6361/201833910},
archivePrefix = {arXiv},
       eprint = {1807.06209},
 primaryClass = {astro-ph.CO},
       adsurl = {https://ui.adsabs.harvard.edu/abs/2020A&A...641A...6P},
      adsnote = {Provided by the SAO/NASA Astrophysics Data System}
}

@ARTICLE{Naoz:2007,
       author = {{Naoz}, S. and {Barkana}, R.},
        title = "{The formation and gas content of high-redshift galaxies and minihaloes}",
      journal = {\mnras},
     keywords = {galaxies: formation, galaxies: high-redshift, cosmology: theory, Astrophysics},
         year = "2007",
        month = "May",
       volume = {377},
       number = {2},
        pages = {667-676},
          doi = {10.1111/j.1365-2966.2007.11636.x},
archivePrefix = {arXiv},
       eprint = {astro-ph/0612004},
 primaryClass = {astro-ph},
       adsurl = {https://ui.adsabs.harvard.edu/abs/2007MNRAS.377..667N},
      adsnote = {Provided by the SAO/NASA Astrophysics Data System}
}

@ARTICLE{Crocce:2006,
       author = {{Crocce}, Mart{\'\i}n and {Pueblas}, Sebasti{\'a}n and {Scoccimarro}, Rom{\'a}n},
        title = "{Transients from initial conditions in cosmological simulations}",
      journal = {\mnras},
     keywords = {methods: numerical, large-scale structure of Universe, Astrophysics},
         year = 2006,
        month = nov,
       volume = {373},
       number = {1},
        pages = {369-381},
          doi = {10.1111/j.1365-2966.2006.11040.x},
archivePrefix = {arXiv},
       eprint = {astro-ph/0606505},
 primaryClass = {astro-ph},
       adsurl = {https://ui.adsabs.harvard.edu/abs/2006MNRAS.373..369C},
      adsnote = {Provided by the SAO/NASA Astrophysics Data System}
}

@ARTICLE{Zeldovich:1970,
       author = {{Zel'Dovich}, Y.~B.},
        title = "{Reprint of 1970A\&amp;A.....5...84Z. Gravitational instability: an approximate theory for large density perturbations.}",
      journal = {\aap},
         year = 1970,
        month = mar,
       volume = {500},
        pages = {13-18},
       adsurl = {https://ui.adsabs.harvard.edu/abs/1970A&A.....5...84Z},
      adsnote = {Provided by the SAO/NASA Astrophysics Data System}
}

@ARTICLE{Bird:2020,
       author = {{Bird}, Simeon and {Feng}, Yu and {Pedersen}, Christian and {Font-Ribera}, Andreu},
        title = "{More accurate simulations with separate initial conditions for baryons and dark matter}",
      journal = {\jcap},
     keywords = {Astrophysics - Cosmology and Nongalactic Astrophysics},
         year = 2020,
        month = jun,
       volume = {2020},
       number = {6},
          eid = {002},
        pages = {002},
          doi = {10.1088/1475-7516/2020/06/002},
archivePrefix = {arXiv},
       eprint = {2002.00015},
 primaryClass = {astro-ph.CO},
       adsurl = {https://ui.adsabs.harvard.edu/abs/2020JCAP...06..002B},
      adsnote = {Provided by the SAO/NASA Astrophysics Data System}
}

@ARTICLE{CLASS,
   author = {{Lesgourgues}, J.},
    title = "{The Cosmic Linear Anisotropy Solving System (CLASS) I: Overview}",
  journal = {ArXiv e-prints},
archivePrefix = "arXiv",
   eprint = {1104.2932},
 primaryClass = "astro-ph.IM",
 keywords = {Astrophysics - Instrumentation and Methods for Astrophysics, Astrophysics - Cosmology and Extragalactic Astrophysics},
     year = 2011,
    month = apr,
   adsurl = {http://adsabs.harvard.edu/abs/2011arXiv1104.2932L},
  adsnote = {Provided by the SAO/NASA Astrophysics Data System}
}

@ARTICLE{2020MNRAS.493.1614F,
       author = {{Faucher-Gigu{\`e}re}, Claude-Andr{\'e}},
        title = "{A cosmic UV/X-ray background model update}",
      journal = {\mnras},
     keywords = {galaxies: active, galaxies: formation, intergalactic medium, cosmology: theory, diffuse radiation, Astrophysics - Cosmology and Nongalactic Astrophysics, Astrophysics - Astrophysics of Galaxies},
         year = 2020,
        month = apr,
       volume = {493},
       number = {2},
        pages = {1614-1632},
          doi = {10.1093/mnras/staa302},
archivePrefix = {arXiv},
       eprint = {1903.08657},
 primaryClass = {astro-ph.CO},
       adsurl = {https://ui.adsabs.harvard.edu/abs/2020MNRAS.493.1614F},
      adsnote = {Provided by the SAO/NASA Astrophysics Data System}
}

@ARTICLE{2020MNRAS.496.4372U,
       author = {{Upton Sanderbeck}, Phoebe and {Bird}, Simeon},
        title = "{Inhomogeneous He II reionization in hydrodynamic simulations}",
      journal = {\mnras},
     keywords = {cosmology: theory, quasars: absorption lines, Astrophysics - Cosmology and Nongalactic Astrophysics},
         year = 2020,
        month = aug,
       volume = {496},
       number = {4},
        pages = {4372-4382},
          doi = {10.1093/mnras/staa1850},
archivePrefix = {arXiv},
       eprint = {2002.05733},
 primaryClass = {astro-ph.CO},
       adsurl = {https://ui.adsabs.harvard.edu/abs/2020MNRAS.496.4372U},
      adsnote = {Provided by the SAO/NASA Astrophysics Data System}
}

@ARTICLE{2009ApJ...694..842M,
       author = {{McQuinn}, Matthew and {Lidz}, Adam and {Zaldarriaga}, Matias and {Hernquist}, Lars and {Hopkins}, Philip F. and {Dutta}, Suvendra and {Faucher-Gigu{\`e}re}, Claude-Andr{\'e}},
        title = "{He II Reionization and its Effect on the Intergalactic Medium}",
      journal = {\apj},
     keywords = {cosmology: theory, intergalactic medium, Astrophysics},
         year = 2009,
        month = apr,
       volume = {694},
       number = {2},
        pages = {842-866},
          doi = {10.1088/0004-637X/694/2/842},
archivePrefix = {arXiv},
       eprint = {0807.2799},
 primaryClass = {astro-ph},
       adsurl = {https://ui.adsabs.harvard.edu/abs/2009ApJ...694..842M},
      adsnote = {Provided by the SAO/NASA Astrophysics Data System}
}



%---- observations -----
@ARTICLE{McConnell2013,
       author = {{McConnell}, Nicholas J. and {Ma}, Chung-Pei},
        title = "{Revisiting the Scaling Relations of Black Hole Masses and Host Galaxy Properties}",
      journal = {\apj},
     keywords = {galaxies: nuclei, galaxies: statistics, Astrophysics - Cosmology and Nongalactic Astrophysics},
         year = 2013,
        month = feb,
       volume = {764},
       number = {2},
          eid = {184},
        pages = {184},
          doi = {10.1088/0004-637X/764/2/184},
archivePrefix = {arXiv},
       eprint = {1211.2816},
 primaryClass = {astro-ph.CO},
       adsurl = {https://ui.adsabs.harvard.edu/abs/2013ApJ...764..184M},
      adsnote = {Provided by the SAO/NASA Astrophysics Data System}
}


@ARTICLE{Kormendy2013,
       author = {{Kormendy}, John and {Ho}, Luis C.},
        title = "{Coevolution (Or Not) of Supermassive Black Holes and Host Galaxies}",
      journal = {\araa},
     keywords = {Astrophysics - Cosmology and Nongalactic Astrophysics},
         year = 2013,
        month = aug,
       volume = {51},
       number = {1},
        pages = {511-653},
          doi = {10.1146/annurev-astro-082708-101811},
archivePrefix = {arXiv},
       eprint = {1304.7762},
 primaryClass = {astro-ph.CO},
       adsurl = {https://ui.adsabs.harvard.edu/abs/2013ARA&A..51..511K},
      adsnote = {Provided by the SAO/NASA Astrophysics Data System}
}

@INPROCEEDINGS{Reines2016,
       author = {{Reines}, Amy E. and {Volonteri}, Marta},
        title = "{Relations Between Black Hole Mass and Total Galaxy Stellar Mass in the Local Universe}",
    booktitle = {American Astronomical Society Meeting Abstracts \#227},
         year = 2016,
       series = {American Astronomical Society Meeting Abstracts},
       volume = {227},
        month = jan,
          eid = {119.01},
        pages = {119.01},
       adsurl = {https://ui.adsabs.harvard.edu/abs/2016AAS...22711901R},
      adsnote = {Provided by the SAO/NASA Astrophysics Data System}
}

@ARTICLE{Volenteri2011,
       author = {{Volonteri}, M. and {Stark}, D.~P.},
        title = "{Assessing the redshift evolution of massive black holes and their hosts}",
      journal = {\mnras},
     keywords = {black hole physics, galaxies: evolution, galaxies: formation, quasars: general, Astrophysics - Cosmology and Nongalactic Astrophysics, Astrophysics - Astrophysics of Galaxies},
         year = 2011,
        month = nov,
       volume = {417},
       number = {3},
        pages = {2085-2093},
          doi = {10.1111/j.1365-2966.2011.19391.x},
archivePrefix = {arXiv},
       eprint = {1107.1946},
 primaryClass = {astro-ph.CO},
       adsurl = {https://ui.adsabs.harvard.edu/abs/2011MNRAS.417.2085V},
      adsnote = {Provided by the SAO/NASA Astrophysics Data System}
}

@ARTICLE{Willot2010,
       author = {{Willott}, Chris J. and {Albert}, Loic and {Arzoumanian}, Doris and
         {Bergeron}, Jacqueline and {Crampton}, David and {Delorme}, Philippe and
         {Hutchings}, John B. and {Omont}, Alain and {Reyl{\'e}}, C{\'e}line and
         {Schade}, David},
        title = "{Eddington-limited Accretion and the Black Hole Mass Function at Redshift 6}",
      journal = {\aj},
     keywords = {cosmology: observations, quasars: emission lines, quasars: general, Astrophysics - Cosmology and Nongalactic Astrophysics},
         year = 2010,
        month = aug,
       volume = {140},
       number = {2},
        pages = {546-560},
          doi = {10.1088/0004-6256/140/2/546},
archivePrefix = {arXiv},
       eprint = {1006.1342},
 primaryClass = {astro-ph.CO},
       adsurl = {https://ui.adsabs.harvard.edu/abs/2010AJ....140..546W},
      adsnote = {Provided by the SAO/NASA Astrophysics Data System}
}

@ARTICLE{Grazian2015,
       author = {{Grazian}, A. and {Fontana}, A. and {Santini}, P. and {Dunlop}, J.~S. and
         {Ferguson}, H.~C. and {Castellano}, M. and {Amorin}, R. and
         {Ashby}, M.~L.~N. and {Barro}, G. and {Behroozi}, P. and {Boutsia}, K. and
         {Caputi}, K.~I. and {Chary}, R.~R. and {Dekel}, A. and
         {Dickinson}, M.~E. and {Faber}, S.~M. and {Fazio}, G.~G. and
         {Finkelstein}, S.~L. and {Galametz}, A. and {Giallongo}, E. and
         {Giavalisco}, M. and {Grogin}, N.~A. and {Guo}, Y. and {Kocevski}, D. and
         {Koekemoer}, A.~M. and {Koo}, D.~C. and {Lee}, K. -S. and {Lu}, Y. and
         {Merlin}, E. and {Mobasher}, B. and {Nonino}, M. and {Papovich}, C. and
         {Paris}, D. and {Pentericci}, L. and {Reddy}, N. and {Renzini}, A. and
         {Salmon}, B. and {Salvato}, M. and {Sommariva}, V. and {Song}, M. and
         {Vanzella}, E.},
        title = "{The galaxy stellar mass function at 3.5 {\ensuremath{\leq}}z {\ensuremath{\leq}} 7.5 in the CANDELS/UDS, GOODS-South, and HUDF fields}",
      journal = {\aap},
     keywords = {galaxies: luminosity function, mass function, galaxies: distances and redshifts, galaxies: evolution, galaxies: high-redshift, Astrophysics - Astrophysics of Galaxies, astro-ph.GA},
         year = 2015,
        month = mar,
       volume = {575},
          eid = {A96},
        pages = {A96},
          doi = {10.1051/0004-6361/201424750},
archivePrefix = {arXiv},
       eprint = {1412.0532},
 primaryClass = {astro-ph.GA},
       adsurl = {https://ui.adsabs.harvard.edu/abs/2015A&A...575A..96G},
      adsnote = {Provided by the SAO/NASA Astrophysics Data System}
}

@ARTICLE{Salvaterra2012,
       author = {{Salvaterra}, R. and {Haardt}, F. and {Volonteri}, M. and {Moretti}, A.},
        title = "{Limits on the high redshift growth of massive black holes}",
      journal = {\aap},
     keywords = {cosmology: observations, X-rays: diffuse background, galaxies: active, Astrophysics - Cosmology and Nongalactic Astrophysics},
         year = 2012,
        month = sep,
       volume = {545},
          eid = {L6},
        pages = {L6},
          doi = {10.1051/0004-6361/201219965},
archivePrefix = {arXiv},
       eprint = {1209.1095},
 primaryClass = {astro-ph.CO},
       adsurl = {https://ui.adsabs.harvard.edu/abs/2012A&A...545L...6S},
      adsnote = {Provided by the SAO/NASA Astrophysics Data System}
}

@ARTICLE{Volonteri2016,
       author = {{Volonteri}, Marta and {Reines}, Amy E.},
        title = "{Inferences on the Relations Between Central Black Hole Mass and Total Galaxy Stellar Mass in the High-redshift Universe}",
      journal = {\apjl},
     keywords = {galaxies: active, galaxies: evolution, galaxies: high-redshift, Astrophysics - Astrophysics of Galaxies, Astrophysics - Cosmology and Nongalactic Astrophysics, Astrophysics - High Energy Astrophysical Phenomena},
         year = 2016,
        month = mar,
       volume = {820},
       number = {1},
          eid = {L6},
        pages = {L6},
          doi = {10.3847/2041-8205/820/1/L6},
archivePrefix = {arXiv},
       eprint = {1602.05711},
 primaryClass = {astro-ph.GA},
       adsurl = {https://ui.adsabs.harvard.edu/abs/2016ApJ...820L...6V},
      adsnote = {Provided by the SAO/NASA Astrophysics Data System}
}

@ARTICLE{Sijacki2015,
       author = {{Sijacki}, Debora and {Vogelsberger}, Mark and {Genel}, Shy and
         {Springel}, Volker and {Torrey}, Paul and {Snyder}, Gregory F. and
         {Nelson}, Dylan and {Hernquist}, Lars},
        title = "{The Illustris simulation: the evolving population of black holes across cosmic time}",
      journal = {\mnras},
     keywords = {methods: numerical, galaxies: formation, quasars: supermassive black holes, cosmology: theory, Astrophysics - Astrophysics of Galaxies, Astrophysics - Cosmology and Nongalactic Astrophysics},
         year = 2015,
        month = sep,
       volume = {452},
       number = {1},
        pages = {575-596},
          doi = {10.1093/mnras/stv1340},
archivePrefix = {arXiv},
       eprint = {1408.6842},
 primaryClass = {astro-ph.GA},
       adsurl = {https://ui.adsabs.harvard.edu/abs/2015MNRAS.452..575S},
      adsnote = {Provided by the SAO/NASA Astrophysics Data System}
}

@ARTICLE{Vito2016,
       author = {{Vito}, F. and {Gilli}, R. and {Vignali}, C. and {Brandt}, W.~N. and
         {Comastri}, A. and {Yang}, G. and {Lehmer}, B.~D. and {Luo}, B. and
         {Basu-Zych}, A. and {Bauer}, F.~E. and {Cappelluti}, N. and
         {Koekemoer}, A. and {Mainieri}, V. and {Paolillo}, M. and
         {Ranalli}, P. and {Shemmer}, O. and {Trump}, J. and {Wang}, J.~X. and
         {Xue}, Y.~Q.},
        title = "{The deepest X-ray view of high-redshift galaxies: constraints on low-rate black hole accretion}",
      journal = {\mnras},
     keywords = {methods: data analysis, surveys, galaxies: active, galaxies: evolution, galaxies: high-redshift, X-rays: galaxies, Astrophysics - Astrophysics of Galaxies},
         year = 2016,
        month = nov,
       volume = {463},
       number = {1},
        pages = {348-374},
          doi = {10.1093/mnras/stw1998},
archivePrefix = {arXiv},
       eprint = {1608.02614},
 primaryClass = {astro-ph.GA},
       adsurl = {https://ui.adsabs.harvard.edu/abs/2016MNRAS.463..348V},
      adsnote = {Provided by the SAO/NASA Astrophysics Data System}
}


@ARTICLE{Treister2013,
       author = {{Treister}, E. and {Schawinski}, K. and {Volonteri}, M. and
         {Natarajan}, P.},
        title = "{New Observational Constraints on the Growth of the First Supermassive Black Holes}",
      journal = {\apj},
     keywords = {galaxies: active, galaxies: Seyfert, X-rays: galaxies, Astrophysics - Cosmology and Nongalactic Astrophysics},
         year = 2013,
        month = dec,
       volume = {778},
       number = {2},
          eid = {130},
        pages = {130},
          doi = {10.1088/0004-637X/778/2/130},
archivePrefix = {arXiv},
       eprint = {1310.2249},
 primaryClass = {astro-ph.CO},
       adsurl = {https://ui.adsabs.harvard.edu/abs/2013ApJ...778..130T},
      adsnote = {Provided by the SAO/NASA Astrophysics Data System}
}

@ARTICLE{Vito2018,
       author = {{Vito}, F. and {Brandt}, W.~N. and {Yang}, G. and {Gilli}, R. and
         {Luo}, B. and {Vignali}, C. and {Xue}, Y.~Q. and {Comastri}, A. and
         {Koekemoer}, A.~M. and {Lehmer}, B.~D. and {Liu}, T. and
         {Paolillo}, M. and {Ranalli}, P. and {Schneider}, D.~P. and
         {Shemmer}, O. and {Volonteri}, M. and {Wang}, J.},
        title = "{High-redshift AGN in the Chandra Deep Fields: the obscured fraction and space density of the sub-L$_{*}$ population}",
      journal = {\mnras},
     keywords = {methods: data analysis, surveys, galaxies: active, galaxies: evolution, galaxies: high-redshift, X-rays: galaxies, Astrophysics - Astrophysics of Galaxies},
         year = 2018,
        month = jan,
       volume = {473},
       number = {2},
        pages = {2378-2406},
          doi = {10.1093/mnras/stx2486},
archivePrefix = {arXiv},
       eprint = {1709.07892},
 primaryClass = {astro-ph.GA},
       adsurl = {https://ui.adsabs.harvard.edu/abs/2018MNRAS.473.2378V},
      adsnote = {Provided by the SAO/NASA Astrophysics Data System}
}


@ARTICLE{Song2016,
   author = {{Song}, M. and {Finkelstein}, S.~L. and {Ashby}, M.~L.~N. and
	{Grazian}, A. and {Lu}, Y. and {Papovich}, C. and {Salmon}, B. and
	{Somerville}, R.~S. and {Dickinson}, M. and {Duncan}, K. and
	{Faber}, S.~M. and {Fazio}, G.~G. and {Ferguson}, H.~C. and
	{Fontana}, A. and {Guo}, Y. and {Hathi}, N. and {Lee}, S.-K. and
	{Merlin}, E. and {Willner}, S.~P.},
    title = "{The Evolution of the Galaxy Stellar Mass Function at z = 4-8: A Steepening Low-mass-end Slope with Increasing Redshift}",
  journal = {\apj},
archivePrefix = "arXiv",
   eprint = {1507.05636},
 keywords = {galaxies: evolution, galaxies: formation, galaxies: high-redshift, galaxies: luminosity function, mass function},
     year = 2016,
    month = jul,
   volume = 825,
      eid = {5},
    pages = {5},
      doi = {10.3847/0004-637X/825/1/5},
   adsurl = {http://adsabs.harvard.edu/abs/2016ApJ...825....5S},
  adsnote = {Provided by the SAO/NASA Astrophysics Data System}
}

@ARTICLE{Gonzalez2011,
   author = {{Gonz{\'a}lez}, V. and {Labb{\'e}}, I. and {Bouwens}, R.~J. and
	{Illingworth}, G. and {Franx}, M. and {Kriek}, M.},
    title = "{Evolution of Galaxy Stellar Mass Functions, Mass Densities, and Mass-to-light Ratios from z \~{} 7 to z \~{} 4}",
  journal = {\apjl},
archivePrefix = "arXiv",
   eprint = {1008.3901},
 keywords = {galaxies: evolution, galaxies: high-redshift},
     year = 2011,
    month = jul,
   volume = 735,
      eid = {L34},
    pages = {L34},
      doi = {10.1088/2041-8205/735/2/L34},
   adsurl = {http://adsabs.harvard.edu/abs/2011ApJ...735L..34G},
  adsnote = {Provided by the SAO/NASA Astrophysics Data System}
}

@ARTICLE{Duncan2014,
   author = {{Duncan}, K. and {Conselice}, C.~J. and {Mortlock}, A. and {Hartley}, W.~G. and
	{Guo}, Y. and {Ferguson}, H.~C. and {Dav{\'e}}, R. and {Lu}, Y. and
	{Ownsworth}, J. and {Ashby}, M.~L.~N. and {Dekel}, A. and {Dickinson}, M. and
	{Faber}, S. and {Giavalisco}, M. and {Grogin}, N. and {Kocevski}, D. and
	{Koekemoer}, A. and {Somerville}, R.~S. and {White}, C.~E.},
    title = "{The mass evolution of the first galaxies: stellar mass functions and star formation rates at 4 $\lt$ z $\lt$ 7 in the CANDELS GOODS-South field}",
  journal = {\mnras},
archivePrefix = "arXiv",
   eprint = {1408.2527},
 keywords = {galaxies: evolution, galaxies: formation, galaxies: high-redshift, galaxies: luminosity function, mass function},
     year = 2014,
    month = nov,
   volume = 444,
    pages = {2960-2984},
      doi = {10.1093/mnras/stu1622},
   adsurl = {http://adsabs.harvard.edu/abs/2014MNRAS.444.2960D},
  adsnote = {Provided by the SAO/NASA Astrophysics Data System}
}

@ARTICLE{Stefanon2017,
   author = {{Stefanon}, M. and {Bouwens}, R.~J. and {Labb{\'e}}, I. and
	{Muzzin}, A. and {Marchesini}, D. and {Oesch}, P. and {Gonzalez}, V.
	},
    title = "{The Rest-frame Optical (900 nm) Galaxy Luminosity Function at z {\tilde} 4-7: Abundance Matching Points to Limited Evolution in the M $_{STAR}$/M $_{HALO}$ Ratio at z {\ge} 4}",
  journal = {\apj},
archivePrefix = "arXiv",
   eprint = {1611.09354},
 keywords = {galaxies: evolution, galaxies: formation, galaxies: high-redshift, galaxies: luminosity function, mass function},
     year = 2017,
    month = jul,
   volume = 843,
      eid = {36},
    pages = {36},
      doi = {10.3847/1538-4357/aa72d8},
   adsurl = {http://adsabs.harvard.edu/abs/2017ApJ...843...36S},
  adsnote = {Provided by the SAO/NASA Astrophysics Data System}
}

@ARTICLE{Bouwens2015,
   author = {{Bouwens}, R.~J. and {Illingworth}, G.~D. and {Oesch}, P.~A. and
	{Trenti}, M. and {Labb{\'e}}, I. and {Bradley}, L. and {Carollo}, M. and
	{van Dokkum}, P.~G. and {Gonzalez}, V. and {Holwerda}, B. and
	{Franx}, M. and {Spitler}, L. and {Smit}, R. and {Magee}, D.
	},
    title = "{UV Luminosity Functions at Redshifts z {\tilde} 4 to z {\tilde} 10: 10,000 Galaxies from HST Legacy Fields}",
  journal = {\apj},
archivePrefix = "arXiv",
   eprint = {1403.4295},
 keywords = {galaxies: evolution, galaxies: high-redshift},
     year = 2015,
    month = apr,
   volume = 803,
      eid = {34},
    pages = {34},
      doi = {10.1088/0004-637X/803/1/34},
   adsurl = {http://adsabs.harvard.edu/abs/2015ApJ...803...34B},
  adsnote = {Provided by the SAO/NASA Astrophysics Data System}
}

@ARTICLE{Livermore2017,
   author = {{Livermore}, R.~C. and {Finkelstein}, S.~L. and {Lotz}, J.~M.
	},
    title = "{Directly Observing the Galaxies Likely Responsible for Reionization}",
  journal = {\apj},
archivePrefix = "arXiv",
   eprint = {1604.06799},
 keywords = {galaxies: high-redshift, galaxies: luminosity function, mass function, dark ages, reionization, first stars},
     year = 2017,
    month = feb,
   volume = 835,
      eid = {113},
    pages = {113},
      doi = {10.3847/1538-4357/835/2/113},
   adsurl = {http://adsabs.harvard.edu/abs/2017ApJ...835..113L},
  adsnote = {Provided by the SAO/NASA Astrophysics Data System}
}

@ARTICLE{Atek2015,
   author = {{Atek}, H. and {Richard}, J. and {Jauzac}, M. and {Kneib}, J.-P. and
	{Natarajan}, P. and {Limousin}, M. and {Schaerer}, D. and {Jullo}, E. and
	{Ebeling}, H. and {Egami}, E. and {Clement}, B.},
    title = "{Are Ultra-faint Galaxies at z = 6-8 Responsible for Cosmic Reionization? Combined Constraints from the Hubble Frontier Fields Clusters and Parallels}",
  journal = {\apj},
archivePrefix = "arXiv",
   eprint = {1509.06764},
 keywords = {dark ages, reionization, first stars, galaxies: high-redshift, galaxies: luminosity function, mass function, gravitational lensing: strong},
     year = 2015,
    month = nov,
   volume = 814,
      eid = {69},
    pages = {69},
      doi = {10.1088/0004-637X/814/1/69},
   adsurl = {http://adsabs.harvard.edu/abs/2015ApJ...814...69A},
  adsnote = {Provided by the SAO/NASA Astrophysics Data System}
}

@ARTICLE{Finkelstein2015,
   author = {{Finkelstein}, S.~L. and {Ryan}, Jr., R.~E. and {Papovich}, C. and
	{Dickinson}, M. and {Song}, M. and {Somerville}, R.~S. and {Ferguson}, H.~C. and
	{Salmon}, B. and {Giavalisco}, M. and {Koekemoer}, A.~M. and
	{Ashby}, M.~L.~N. and {Behroozi}, P. and {Castellano}, M. and
	{Dunlop}, J.~S. and {Faber}, S.~M. and {Fazio}, G.~G. and {Fontana}, A. and
	{Grogin}, N.~A. and {Hathi}, N. and {Jaacks}, J. and {Kocevski}, D.~D. and
	{Livermore}, R. and {McLure}, R.~J. and {Merlin}, E. and {Mobasher}, B. and
	{Newman}, J.~A. and {Rafelski}, M. and {Tilvi}, V. and {Willner}, S.~P.
	},
    title = "{The Evolution of the Galaxy Rest-frame Ultraviolet Luminosity Function over the First Two Billion Years}",
  journal = {\apj},
archivePrefix = "arXiv",
   eprint = {1410.5439},
 keywords = {early universe, galaxies: evolution, galaxies: formation, galaxies: high-redshift, ultraviolet: galaxies},
     year = 2015,
    month = sep,
   volume = 810,
      eid = {71},
    pages = {71},
      doi = {10.1088/0004-637X/810/1/71},
   adsurl = {http://adsabs.harvard.edu/abs/2015ApJ...810...71F},
  adsnote = {Provided by the SAO/NASA Astrophysics Data System}
}

@ARTICLE{Ishigaki2015,
   author = {{Ishigaki}, M. and {Kawamata}, R. and {Ouchi}, M. and {Oguri}, M. and
	{Shimasaku}, K. and {Ono}, Y.},
    title = "{Hubble Frontier Fields First Complete Cluster Data: Faint Galaxies at z \~{} 5-10 for UV Luminosity Functions and Cosmic Reionization}",
  journal = {\apj},
archivePrefix = "arXiv",
   eprint = {1408.6903},
 keywords = {dark ages, reionization, first stars, galaxies: evolution, galaxies: formation, galaxies: high-redshift, gravitational lensing: strong},
     year = 2015,
    month = jan,
   volume = 799,
      eid = {12},
    pages = {12},
      doi = {10.1088/0004-637X/799/1/12},
   adsurl = {http://adsabs.harvard.edu/abs/2015ApJ...799...12I},
  adsnote = {Provided by the SAO/NASA Astrophysics Data System}
}

@ARTICLE{Laporte2016,
   author = {{Laporte}, N. and {Infante}, L. and {Troncoso Iribarren}, P. and
	{Zheng}, W. and {Molino}, A. and {Bauer}, F.~E. and {Bina}, D. and
	{Broadhurst}, T. and {Chilingarian}, I. and {Huang}, X. and
	{Garcia}, S. and {Kim}, S. and {Marques-Chaves}, R. and {Moustakas}, J. and
	{Pell{\'o}}, R. and {P{\'e}rez-Fournon}, I. and {Shu}, X. and
	{Streblyanska}, A. and {Zitrin}, A.},
    title = "{Young Galaxy Candidates in the Hubble Frontier Fields. III. MACS J0717.5+3745}",
  journal = {\apj},
archivePrefix = "arXiv",
   eprint = {1602.02775},
 keywords = {cosmology: observations, galaxies: clusters: individual: MACS J0717.5+3745, galaxies: high-redshift, gravitational lensing: strong},
     year = 2016,
    month = apr,
   volume = 820,
      eid = {98},
    pages = {98},
      doi = {10.3847/0004-637X/820/2/98},
   adsurl = {http://adsabs.harvard.edu/abs/2016ApJ...820...98L},
  adsnote = {Provided by the SAO/NASA Astrophysics Data System}
}

@ARTICLE{Ishigaki2018,
   author = {{Ishigaki}, M. and {Kawamata}, R. and {Ouchi}, M. and {Oguri}, M. and
	{Shimasaku}, K. and {Ono}, Y.},
    title = "{Full-data Results of Hubble Frontier Fields: UV Luminosity Functions at z {\tilde} 6-10 and a Consistent Picture of Cosmic Reionization}",
  journal = {\apj},
archivePrefix = "arXiv",
   eprint = {1702.04867},
 keywords = {galaxies: evolution, galaxies: formation, galaxies: high-redshift},
     year = 2018,
    month = feb,
   volume = 854,
      eid = {73},
    pages = {73},
      doi = {10.3847/1538-4357/aaa544},
   adsurl = {http://adsabs.harvard.edu/abs/2018ApJ...854...73I},
  adsnote = {Provided by the SAO/NASA Astrophysics Data System}
}

@ARTICLE{Finkelstein2016,
   author = {{Finkelstein}, S.~L.},
    title = "{Observational Searches for Star-Forming Galaxies at z $\gt$ 6}",
  journal = {\pasa},
archivePrefix = "arXiv",
   eprint = {1511.05558},
 keywords = {cosmology: dark ages, reionization, first stars, galaxies: evolution, galaxies: formation, galaxies: high-redshift},
     year = 2016,
    month = aug,
   volume = 33,
      eid = {e037},
    pages = {e037},
      doi = {10.1017/pasa.2016.26},
   adsurl = {http://adsabs.harvard.edu/abs/2016PASA...33...37F},
  adsnote = {Provided by the SAO/NASA Astrophysics Data System}
}

@ARTICLE{Bhatawdekar2019,
       author = {{Bhatawdekar}, Rachana and {Conselice}, Christopher J. and
         {Margalef-Bentabol}, Berta and {Duncan}, Kenneth},
        title = "{Evolution of the galaxy stellar mass functions and UV luminosity functions at z = 6-9 in the Hubble Frontier Fields}",
      journal = {\mnras},
     keywords = {galaxies: evolution, galaxies: formation, galaxies: high-redshift, galaxies: luminosity function, mass function, Astrophysics - Astrophysics of Galaxies},
         year = 2019,
        month = jul,
       volume = {486},
       number = {3},
        pages = {3805-3830},
          doi = {10.1093/mnras/stz866},
archivePrefix = {arXiv},
       eprint = {1807.07580},
 primaryClass = {astro-ph.GA},
       adsurl = {https://ui.adsabs.harvard.edu/abs/2019MNRAS.486.3805B},
      adsnote = {Provided by the SAO/NASA Astrophysics Data System}
}

@ARTICLE{Adams2020,
       author = {{Adams}, N.~J. and {Bowler}, R.~A.~A. and {Jarvis}, M.~J. and {H{\"a}u{\ss}ler}, B. and {McLure}, R.~J. and {Bunker}, A. and {Dunlop}, J.~S. and {Verma}, A.},
        title = "{The rest-frame UV luminosity function at z ≃ 4: a significant contribution of AGNs to the bright end of the galaxy population}",
      journal = {\mnras},
     keywords = {galaxies: evolution, galaxies: formation, galaxies: high-redshift, Astrophysics - Astrophysics of Galaxies},
         year = 2020,
        month = may,
       volume = {494},
       number = {2},
        pages = {1771-1783},
          doi = {10.1093/mnras/staa687},
archivePrefix = {arXiv},
       eprint = {1912.01626},
 primaryClass = {astro-ph.GA},
       adsurl = {https://ui.adsabs.harvard.edu/abs/2020MNRAS.494.1771A},
      adsnote = {Provided by the SAO/NASA Astrophysics Data System}
}

@ARTICLE{Atek2018,
       author = {{Atek}, Hakim and {Richard}, Johan and {Kneib}, Jean-Paul and
        {Schaerer}, Daniel},
        title = "{The extreme faint end of the UV luminosity function at z ̃ 6 through gravitational telescopes: a comprehensive assessment of strong lensing uncertainties}",
      journal = {\mnras},
     keywords = {galaxies: evolution, galaxies: high-redshift, galaxies: luminosity function, gravitational lensing: strong, Astrophysics - Astrophysics of Galaxies, Astrophysics - Cosmology and Nongalactic Astrophysics},
         year = 2018,
        month = Oct,
       volume = {479},
        pages = {5184-5195},
          doi = {10.1093/mnras/sty1820},
archivePrefix = {arXiv},
       eprint = {1803.09747},
 primaryClass = {astro-ph.GA},
       adsurl = {https://ui.adsabs.harvard.edu/\#abs/2018MNRAS.479.5184A},
      adsnote = {Provided by the SAO/NASA Astrophysics Data System}
}

@ARTICLE{Bouwens2021,
       author = {{Bouwens}, R.~J. and {Oesch}, P.~A. and {Stefanon}, M. and {Illingworth}, G. and {Labb{\'e}}, I. and {Reddy}, N. and {Atek}, H. and {Montes}, M. and {Naidu}, R. and {Nanayakkara}, T. and {Nelson}, E. and {Wilkins}, S.},
        title = "{New Determinations of the UV Luminosity Functions from z   9 to 2 Show a Remarkable Consistency with Halo Growth and a Constant Star Formation Efficiency}",
      journal = {\aj},
     keywords = {Lyman-break galaxies, High-redshift galaxies, Galaxy evolution, Luminosity function, 979, 734, 594, 942, Astrophysics - Astrophysics of Galaxies},
         year = 2021,
        month = aug,
       volume = {162},
       number = {2},
          eid = {47},
        pages = {47},
          doi = {10.3847/1538-3881/abf83e},
archivePrefix = {arXiv},
       eprint = {2102.07775},
 primaryClass = {astro-ph.GA},
       adsurl = {https://ui.adsabs.harvard.edu/abs/2021AJ....162...47B},
      adsnote = {Provided by the SAO/NASA Astrophysics Data System}
}

@ARTICLE{Stefanon2019,
       author = {{Stefanon}, Mauro and {Labb{\'e}}, Ivo and {Bouwens}, Rychard J. and {Oesch}, Pascal and {Ashby}, Matthew L.~N. and {Caputi}, Karina I. and {Franx}, Marijn and {Fynbo}, Johan P.~U. and {Illingworth}, Garth D. and {Le F{\`e}vre}, Olivier and {Marchesini}, Danilo and {McCracken}, Henry J. and {Milvang-Jensen}, Bo and {Muzzin}, Adam and {van Dokkum}, Pieter},
        title = "{The Brightest z {\ensuremath{\gtrsim}} 8 Galaxies over the COSMOS UltraVISTA Field}",
      journal = {\apj},
     keywords = {galaxies: evolution, galaxies: formation, galaxies: high-redshift, galaxies: luminosity function, mass function, Astrophysics - Astrophysics of Galaxies},
         year = 2019,
        month = sep,
       volume = {883},
       number = {1},
          eid = {99},
        pages = {99},
          doi = {10.3847/1538-4357/ab3792},
archivePrefix = {arXiv},
       eprint = {1902.10713},
 primaryClass = {astro-ph.GA},
       adsurl = {https://ui.adsabs.harvard.edu/abs/2019ApJ...883...99S},
      adsnote = {Provided by the SAO/NASA Astrophysics Data System}
}


@ARTICLE{Bowler2020,
       author = {{Bowler}, R.~A.~A. and {Jarvis}, M.~J. and {Dunlop}, J.~S. and {McLure}, R.~J. and {McLeod}, D.~J. and {Adams}, N.~J. and {Milvang-Jensen}, B. and {McCracken}, H.~J.},
        title = "{A lack of evolution in the very bright end of the galaxy luminosity function from z ≃ 8 to 10}",
      journal = {\mnras},
     keywords = {galaxies: evolution, galaxies: formation, galaxies: high-redshift, Astrophysics - Astrophysics of Galaxies, Astrophysics - Cosmology and Nongalactic Astrophysics},
         year = 2020,
        month = apr,
       volume = {493},
       number = {2},
        pages = {2059-2084},
          doi = {10.1093/mnras/staa313},
archivePrefix = {arXiv},
       eprint = {1911.12832},
 primaryClass = {astro-ph.GA},
       adsurl = {https://ui.adsabs.harvard.edu/abs/2020MNRAS.493.2059B},
      adsnote = {Provided by the SAO/NASA Astrophysics Data System}
}

@Article{Stanway2018,
  author    = {E R Stanway and J J Eldridge},
  title     = {Re-evaluating old stellar populations},
  doi       = {10.1093/mnras/sty1353},
  number    = {1},
  pages     = {75--93},
  volume    = {479},
  journal   = {MNRAS},
  month     = {may},
  publisher = {Oxford University Press ({OUP})},
  year      = {2018},
}

@Article{Wilkins2017,
  author    = {Stephen M. Wilkins and Yu Feng and Tiziana Di Matteo and Rupert Croft and Christopher C. Lovell and Dacen Waters},
  title     = {The properties of the first galaxies in the {BlueTides} simulation},
  doi       = {10.1093/mnras/stx841},
  number    = {3},
  pages     = {2517--2530},
  volume    = {469},
  journal   = {MNRAS},
  month     = {may},
  publisher = {Oxford University Press ({OUP})},
  year      = {2017},
}

@ARTICLE{Davis1985,
       author = {{Davis}, M. and {Efstathiou}, G. and {Frenk}, C.~S. and {White}, S.~D.~M.},
        title = "{The evolution of large-scale structure in a universe dominated by cold dark matter}",
      journal = {\apj},
     keywords = {Computational Astrophysics, Cosmology, Galactic Clusters, Galactic Evolution, Missing Mass (Astrophysics), Weak Interactions (Field Theory), Astronomical Models, Computerized Simulation, Correlation, Many Body Problem, Mass Distribution, Mass To Light Ratios, Matter (Physics), Radial Velocity, Red Shift, Astrophysics},
         year = 1985,
        month = may,
       volume = {292},
        pages = {371-394},
          doi = {10.1086/163168},
       adsurl = {https://ui.adsabs.harvard.edu/abs/1985ApJ...292..371D},
      adsnote = {Provided by the SAO/NASA Astrophysics Data System}
}

@ARTICLE{Rahmati:2013,
       author = {{Rahmati}, Alireza and {Pawlik}, Andreas H. and {Rai{\v{c}}evi{\'c}}, Milan and {Schaye}, Joop},
        title = "{On the evolution of the H I column density distribution in cosmological simulations}",
      journal = {\mnras},
     keywords = {radiative transfer, methods: numerical, galaxies: evolution, galaxies: formation, galaxies: high-redshift, intergalactic medium, Astrophysics - Cosmology and Extragalactic Astrophysics},
         year = 2013,
        month = apr,
       volume = {430},
       number = {3},
        pages = {2427-2445},
          doi = {10.1093/mnras/stt066},
archivePrefix = {arXiv},
       eprint = {1210.7808},
 primaryClass = {astro-ph.CO},
       adsurl = {https://ui.adsabs.harvard.edu/abs/2013MNRAS.430.2427R},
      adsnote = {Provided by the SAO/NASA Astrophysics Data System}
}

@ARTICLE{FG2020,
       author = {{Faucher-Gigu{\`e}re}, Claude-Andr{\'e}},
        title = "{A cosmic UV/X-ray background model update}",
      journal = {\mnras},
     keywords = {galaxies: active, galaxies: formation, intergalactic medium, cosmology: theory, diffuse radiation, Astrophysics - Cosmology and Nongalactic Astrophysics, Astrophysics - Astrophysics of Galaxies},
         year = 2020,
        month = apr,
       volume = {493},
       number = {2},
        pages = {1614-1632},
          doi = {10.1093/mnras/staa302},
archivePrefix = {arXiv},
       eprint = {1903.08657},
 primaryClass = {astro-ph.CO},
       adsurl = {https://ui.adsabs.harvard.edu/abs/2020MNRAS.493.1614F},
      adsnote = {Provided by the SAO/NASA Astrophysics Data System}
}

@ARTICLE{2015MNRAS.446..521S,
       author = {{Schaye}, Joop and {Crain}, Robert A. and {Bower}, Richard G. and {Furlong}, Michelle and {Schaller}, Matthieu and {Theuns}, Tom and {Dalla Vecchia}, Claudio and {Frenk}, Carlos S. and {McCarthy}, I.~G. and {Helly}, John C. and {Jenkins}, Adrian and {Rosas-Guevara}, Y.~M. and {White}, Simon D.~M. and {Baes}, Maarten and {Booth}, C.~M. and {Camps}, Peter and {Navarro}, Julio F. and {Qu}, Yan and {Rahmati}, Alireza and {Sawala}, Till and {Thomas}, Peter A. and {Trayford}, James},
        title = "{The EAGLE project: simulating the evolution and assembly of galaxies and their environments}",
      journal = {\mnras},
     keywords = {methods: numerical, galaxies: evolution, galaxies: formation, cosmology: theory, Astrophysics - Astrophysics of Galaxies, Astrophysics - Cosmology and Nongalactic Astrophysics},
         year = 2015,
        month = jan,
       volume = {446},
       number = {1},
        pages = {521-554},
          doi = {10.1093/mnras/stu2058},
archivePrefix = {arXiv},
       eprint = {1407.7040},
 primaryClass = {astro-ph.GA},
       adsurl = {https://ui.adsabs.harvard.edu/abs/2015MNRAS.446..521S},
      adsnote = {Provided by the SAO/NASA Astrophysics Data System}
}

@ARTICLE{2018MNRAS.477.1206N,
       author = {{Naiman}, Jill P. and {Pillepich}, Annalisa and {Springel}, Volker and {Ramirez-Ruiz}, Enrico and {Torrey}, Paul and {Vogelsberger}, Mark and {Pakmor}, R{\"u}diger and {Nelson}, Dylan and {Marinacci}, Federico and {Hernquist}, Lars and {Weinberger}, Rainer and {Genel}, Shy},
        title = "{First results from the IllustrisTNG simulations: a tale of two elements - chemical evolution of magnesium and europium}",
      journal = {\mnras},
     keywords = {methods: numerical, Galaxy: formation, cosmology: theory, Astrophysics - Astrophysics of Galaxies},
         year = 2018,
        month = jun,
       volume = {477},
       number = {1},
        pages = {1206-1224},
          doi = {10.1093/mnras/sty618},
archivePrefix = {arXiv},
       eprint = {1707.03401},
 primaryClass = {astro-ph.GA},
       adsurl = {https://ui.adsabs.harvard.edu/abs/2018MNRAS.477.1206N},
      adsnote = {Provided by the SAO/NASA Astrophysics Data System}
}

@ARTICLE{2018MNRAS.480.5113M,
       author = {{Marinacci}, Federico and {Vogelsberger}, Mark and {Pakmor}, R{\"u}diger and {Torrey}, Paul and {Springel}, Volker and {Hernquist}, Lars and {Nelson}, Dylan and {Weinberger}, Rainer and {Pillepich}, Annalisa and {Naiman}, Jill and {Genel}, Shy},
        title = "{First results from the IllustrisTNG simulations: radio haloes and magnetic fields}",
      journal = {\mnras},
     keywords = {magnetic fields, MHD, methods: numerical, galaxies: clusters: general, cosmology: theory, radio continuum: general, Astrophysics - Cosmology and Nongalactic Astrophysics},
         year = 2018,
        month = nov,
       volume = {480},
       number = {4},
        pages = {5113-5139},
          doi = {10.1093/mnras/sty2206},
archivePrefix = {arXiv},
       eprint = {1707.03396},
 primaryClass = {astro-ph.CO},
       adsurl = {https://ui.adsabs.harvard.edu/abs/2018MNRAS.480.5113M},
      adsnote = {Provided by the SAO/NASA Astrophysics Data System}
}

@ARTICLE{2018MNRAS.475..624N,
       author = {{Nelson}, Dylan and {Pillepich}, Annalisa and {Springel}, Volker and {Weinberger}, Rainer and {Hernquist}, Lars and {Pakmor}, R{\"u}diger and {Genel}, Shy and {Torrey}, Paul and {Vogelsberger}, Mark and {Kauffmann}, Guinevere and {Marinacci}, Federico and {Naiman}, Jill},
        title = "{First results from the IllustrisTNG simulations: the galaxy colour bimodality}",
      journal = {\mnras},
     keywords = {galaxies: evolution, galaxies: formation, Astrophysics - Astrophysics of Galaxies, Astrophysics - Cosmology and Nongalactic Astrophysics},
         year = 2018,
        month = mar,
       volume = {475},
       number = {1},
        pages = {624-647},
          doi = {10.1093/mnras/stx3040},
archivePrefix = {arXiv},
       eprint = {1707.03395},
 primaryClass = {astro-ph.GA},
       adsurl = {https://ui.adsabs.harvard.edu/abs/2018MNRAS.475..624N},
      adsnote = {Provided by the SAO/NASA Astrophysics Data System}
}

@ARTICLE{2018MNRAS.475..676S,
       author = {{Springel}, Volker and {Pakmor}, R{\"u}diger and {Pillepich}, Annalisa and {Weinberger}, Rainer and {Nelson}, Dylan and {Hernquist}, Lars and {Vogelsberger}, Mark and {Genel}, Shy and {Torrey}, Paul and {Marinacci}, Federico and {Naiman}, Jill},
        title = "{First results from the IllustrisTNG simulations: matter and galaxy clustering}",
      journal = {\mnras},
     keywords = {methods: numerical, galaxy formation, large-scale structure of Universe, Astrophysics - Astrophysics of Galaxies, Astrophysics - Cosmology and Nongalactic Astrophysics},
         year = 2018,
        month = mar,
       volume = {475},
       number = {1},
        pages = {676-698},
          doi = {10.1093/mnras/stx3304},
archivePrefix = {arXiv},
       eprint = {1707.03397},
 primaryClass = {astro-ph.GA},
       adsurl = {https://ui.adsabs.harvard.edu/abs/2018MNRAS.475..676S},
      adsnote = {Provided by the SAO/NASA Astrophysics Data System}
}

@ARTICLE{2020MNRAS.499.3819M,
       author = {{Marshall}, Madeline A. and {Ni}, Yueying and {Di Matteo}, Tiziana and {Wyithe}, J. Stuart B. and {Wilkins}, Stephen and {Croft}, Rupert A.~C. and {Kuusisto}, Jussi K.},
        title = "{The host galaxies of z = 7 quasars: predictions from the BLUETIDES simulation}",
      journal = {\mnras},
     keywords = {galaxies: quasars: supermassive black holes, galaxies: evolution, galaxies: high-redshift, Astrophysics - Astrophysics of Galaxies},
         year = 2020,
        month = dec,
       volume = {499},
       number = {3},
        pages = {3819-3836},
          doi = {10.1093/mnras/staa2982},
archivePrefix = {arXiv},
       eprint = {1912.03428},
 primaryClass = {astro-ph.GA},
       adsurl = {https://ui.adsabs.harvard.edu/abs/2020MNRAS.499.3819M},
      adsnote = {Provided by the SAO/NASA Astrophysics Data System}
}

@ARTICLE{2020MNRAS.492.5167V,
       author = {{Vogelsberger}, Mark and {Nelson}, Dylan and {Pillepich}, Annalisa and {Shen}, Xuejian and {Marinacci}, Federico and {Springel}, Volker and {Pakmor}, R{\"u}diger and {Tacchella}, Sandro and {Weinberger}, Rainer and {Torrey}, Paul and {Hernquist}, Lars},
        title = "{High-redshift JWST predictions from IllustrisTNG: dust modelling and galaxy luminosity functions}",
      journal = {\mnras},
     keywords = {methods: numerical, galaxies: evolution, galaxies: formation, Astrophysics - Astrophysics of Galaxies},
         year = 2020,
        month = mar,
       volume = {492},
       number = {4},
        pages = {5167-5201},
          doi = {10.1093/mnras/staa137},
archivePrefix = {arXiv},
       eprint = {1904.07238},
 primaryClass = {astro-ph.GA},
       adsurl = {https://ui.adsabs.harvard.edu/abs/2020MNRAS.492.5167V},
      adsnote = {Provided by the SAO/NASA Astrophysics Data System}
}

@ARTICLE{JWST,
       author = {{Gardner}, Jonathan P. and {Mather}, John C. and {Clampin}, Mark and {Doyon}, Rene and {Greenhouse}, Matthew A. and {Hammel}, Heidi B. and {Hutchings}, John B. and {Jakobsen}, Peter and {Lilly}, Simon J. and {Long}, Knox S. and {Lunine}, Jonathan I. and {McCaughrean}, Mark J. and {Mountain}, Matt and {Nella}, John and {Rieke}, George H. and {Rieke}, Marcia J. and {Rix}, Hans-Walter and {Smith}, Eric P. and {Sonneborn}, George and {Stiavelli}, Massimo and {Stockman}, H.~S. and {Windhorst}, Rogier A. and {Wright}, Gillian S.},
        title = "{The James Webb Space Telescope}",
      journal = {\ssr},
     keywords = {galaxies: formation, infrared: general, planetary systems, space vehicles: instruments, stars: formation, Astrophysics},
         year = 2006,
        month = apr,
       volume = {123},
       number = {4},
        pages = {485-606},
          doi = {10.1007/s11214-006-8315-7},
archivePrefix = {arXiv},
       eprint = {astro-ph/0606175},
 primaryClass = {astro-ph},
       adsurl = {https://ui.adsabs.harvard.edu/abs/2006SSRv..123..485G},
      adsnote = {Provided by the SAO/NASA Astrophysics Data System}
}

@ARTICLE{Ni:2021inprep,
       author = {{Ni}, Yueying and {Di Matteo}, Tiziana and {Bird}, Simeon and {Croft}, Rupert and {Feng}, Yu and {Chen}, Nianyi and {Tremmel}, Michael and {DeGraf}, Colin and {Li}, Yin},
        title = "{The ASTRID simulation: the evolution of Supermassive Black Holes}",
      journal = {arXiv e-prints},
     keywords = {Astrophysics - Astrophysics of Galaxies},
         year = 2021,
        month = oct,
          eid = {arXiv:2110.14154},
        pages = {arXiv:2110.14154},
archivePrefix = {arXiv},
       eprint = {2110.14154},
 primaryClass = {astro-ph.GA},
       adsurl = {https://ui.adsabs.harvard.edu/abs/2021arXiv211014154N},
      adsnote = {Provided by the SAO/NASA Astrophysics Data System}
}

@article{doi:10.1137/120885887,
author = {Pippig, M.},
title = {PFFT: An Extension of FFTW to Massively Parallel Architectures},
journal = {SIAM Journal on Scientific Computing},
volume = {35},
number = {3},
pages = {C213-C236},
year = {2013},
doi = {10.1137/120885887},
URL = { 
        http://dx.doi.org/10.1137/120885887
},
eprint = { 
        http://dx.doi.org/10.1137/120885887
    }
}

@ARTICLE{1986Natur.324..446B,
       author = {{Barnes}, Josh and {Hut}, Piet},
        title = "{A hierarchical O(N log N) force-calculation algorithm}",
      journal = {\nat},
     keywords = {Computational Astrophysics, Many Body Problem, Numerical Integration, Stellar Motions, Algorithms, Hierarchies, Physics (General)},
         year = 1986,
        month = dec,
       volume = {324},
       number = {6096},
        pages = {446-449},
          doi = {10.1038/324446a0},
       adsurl = {https://ui.adsabs.harvard.edu/abs/1986Natur.324..446B},
      adsnote = {Provided by the SAO/NASA Astrophysics Data System}
}

@ARTICLE{2016JCAP...04..047S,
       author = {{Schneider}, Aurel and {Teyssier}, Romain and {Potter}, Doug and {Stadel}, Joachim and {Onions}, Julian and {Reed}, Darren S. and {Smith}, Robert E. and {Springel}, Volker and {Pearce}, Frazer R. and {Scoccimarro}, Roman},
        title = "{Matter power spectrum and the challenge of percent accuracy}",
      journal = {\jcap},
     keywords = {Astrophysics - Cosmology and Nongalactic Astrophysics},
         year = 2016,
        month = apr,
       volume = {2016},
       number = {4},
          eid = {047},
        pages = {047},
          doi = {10.1088/1475-7516/2016/04/047},
archivePrefix = {arXiv},
       eprint = {1503.05920},
 primaryClass = {astro-ph.CO},
       adsurl = {https://ui.adsabs.harvard.edu/abs/2016JCAP...04..047S},
      adsnote = {Provided by the SAO/NASA Astrophysics Data System}
}

@ARTICLE{2010PhRvD..82h3520T,
       author = {{Tseliakhovich}, Dmitriy and {Hirata}, Christopher},
        title = "{Relative velocity of dark matter and baryonic fluids and the formation of the first structures}",
      journal = {\prd},
     keywords = {98.65.Dx, 98.80.Es, Superclusters, large-scale structure of the Universe, Observational cosmology, Astrophysics - Cosmology and Nongalactic Astrophysics},
         year = 2010,
        month = oct,
       volume = {82},
       number = {8},
          eid = {083520},
        pages = {083520},
          doi = {10.1103/PhysRevD.82.083520},
archivePrefix = {arXiv},
       eprint = {1005.2416},
 primaryClass = {astro-ph.CO},
       adsurl = {https://ui.adsabs.harvard.edu/abs/2010PhRvD..82h3520T},
      adsnote = {Provided by the SAO/NASA Astrophysics Data System}
}

@ARTICLE{2016MNRAS.463.2273F,
       author = {{Feng}, Yu and {Chu}, Man-Yat and {Seljak}, Uro{\v{s}} and {McDonald}, Patrick},
        title = "{FASTPM: a new scheme for fast simulations of dark matter and haloes}",
      journal = {\mnras},
     keywords = {methods: numerical, galaxies: haloes, cosmology: theory, dark matter, large-scale structure of Universe, Astrophysics - Cosmology and Nongalactic Astrophysics},
         year = 2016,
        month = dec,
       volume = {463},
       number = {3},
        pages = {2273-2286},
          doi = {10.1093/mnras/stw2123},
archivePrefix = {arXiv},
       eprint = {1603.00476},
 primaryClass = {astro-ph.CO},
       adsurl = {https://ui.adsabs.harvard.edu/abs/2016MNRAS.463.2273F},
      adsnote = {Provided by the SAO/NASA Astrophysics Data System}
}

@ARTICLE{2019ApJ...874..154D,
       author = {{D'Aloisio}, Anson and {McQuinn}, Matthew and {Maupin}, Oliver and {Davies}, Frederick B. and {Trac}, Hy and {Fuller}, Spencer and {Upton Sanderbeck}, Phoebe R.},
        title = "{Heating of the Intergalactic Medium by Hydrogen Reionization}",
      journal = {\apj},
     keywords = {cosmology: theory, dark ages, reionization, first stars, galaxies: high-redshift, intergalactic medium, Astrophysics - Cosmology and Nongalactic Astrophysics, Astrophysics - Astrophysics of Galaxies},
         year = 2019,
        month = apr,
       volume = {874},
       number = {2},
          eid = {154},
        pages = {154},
          doi = {10.3847/1538-4357/ab0d83},
archivePrefix = {arXiv},
       eprint = {1807.09282},
 primaryClass = {astro-ph.CO},
       adsurl = {https://ui.adsabs.harvard.edu/abs/2019ApJ...874..154D},
      adsnote = {Provided by the SAO/NASA Astrophysics Data System}
}

@ARTICLE{Chen2021,
       author = {{Chen}, Nianyi and {Ni}, Yueying and {Tremmel}, Michael and {Di Matteo}, Tiziana and {Bird}, Simeon and {DeGraf}, Colin and {Feng}, Yu},
        title = "{Dynamical Friction Modeling of Massive Black Holes in Cosmological Simulations and Effects on Merger Rate Predictions}",
      journal = {arXiv e-prints},
     keywords = {Astrophysics - Astrophysics of Galaxies},
         year = 2021,
        month = mar,
          eid = {arXiv:2104.00021},
        pages = {arXiv:2104.00021},
archivePrefix = {arXiv},
       eprint = {2104.00021},
 primaryClass = {astro-ph.GA},
       adsurl = {https://ui.adsabs.harvard.edu/abs/2021arXiv210400021C},
      adsnote = {Provided by the SAO/NASA Astrophysics Data System}
}

@ARTICLE{SDH2005,
   author = {{Springel}, V. and {Di Matteo}, T. and {Hernquist}, L.},
    title = "{Modelling feedback from stars and black holes in galaxy mergers}",
  journal = {\mnras},
   eprint = {astro-ph/0411108},
 keywords = {methods: numerical, galaxies: active, galaxies: interactions, galaxies: starburst, galaxies: structure},
     year = 2005,
    month = aug,
   volume = 361,
    pages = {776-794},
      doi = {10.1111/j.1365-2966.2005.09238.x},
   adsurl = {http://adsabs.harvard.edu/abs/2005MNRAS.361..776S},
  adsnote = {Provided by the SAO/NASA Astrophysics Data System}
}

@ARTICLE{DSH2005,
   author = {{Di Matteo}, T. and {Springel}, V. and {Hernquist}, L.},
    title = "{Energy input from quasars regulates the growth and activity of black holes and their host galaxies}",
  journal = {\nat},
   eprint = {astro-ph/0502199},
     year = 2005,
    month = feb,
   volume = 433,
    pages = {604-607},
      doi = {10.1038/nature03335},
   adsurl = {http://adsabs.harvard.edu/abs/2005Natur.433..604D},
  adsnote = {Provided by the SAO/NASA Astrophysics Data System}
}

@ARTICLE{Bagla:2002,
       author = {{Bagla}, J.~S.},
        title = "{TreePM: A Code for Cosmological N-Body Simulations}",
      journal = {Journal of Astrophysics and Astronomy},
     keywords = {Gravitation, methods: numerical, cosmology: large scale structure of the universe., Astrophysics},
         year = 2002,
        month = dec,
       volume = {23},
        pages = {185-196},
          doi = {10.1007/BF02702282},
archivePrefix = {arXiv},
       eprint = {astro-ph/9911025},
 primaryClass = {astro-ph},
       adsurl = {https://ui.adsabs.harvard.edu/abs/2002JApA...23..185B},
      adsnote = {Provided by the SAO/NASA Astrophysics Data System}
}

@ARTICLE{Xu:1995,
       author = {{Xu}, Guohong},
        title = "{A New Parallel N-Body Gravity Solver: TPM}",
      journal = {\apjs},
     keywords = {METHODS: NUMERICAL, Astrophysics},
         year = 1995,
        month = may,
       volume = {98},
        pages = {355},
          doi = {10.1086/192166},
archivePrefix = {arXiv},
       eprint = {astro-ph/9409021},
 primaryClass = {astro-ph},
       adsurl = {https://ui.adsabs.harvard.edu/abs/1995ApJS...98..355X},
      adsnote = {Provided by the SAO/NASA Astrophysics Data System}
}


%%%%%%%%%%%%%%%%% dynamic friction ref %%%%%%%%%%%%%%%%%%%%%%%

@ARTICLE{Chandrasekhar1943,
       author = {{Chandrasekhar}, S.},
        title = "{Dynamical Friction. I. General Considerations: the Coefficient of Dynamical Friction.}",
      journal = {\apj},
         year = 1943,
        month = mar,
       volume = {97},
        pages = {255},
          doi = {10.1086/144517},
       adsurl = {https://ui.adsabs.harvard.edu/abs/1943ApJ....97..255C},
      adsnote = {Provided by the SAO/NASA Astrophysics Data System}
}

@ARTICLE{Kazantzidis2005,
       author = {{Kazantzidis}, Stelios and {Mayer}, Lucio and {Colpi}, Monica and {Madau}, Piero and {Debattista}, Victor P. and {Wadsley}, James and {Stadel}, Joachim and {Quinn}, Thomas and {Moore}, Ben},
        title = "{The Fate of Supermassive Black Holes and the Evolution of the M$_{BH}$-{\ensuremath{\sigma}} Relation in Merging Galaxies: The Effect of Gaseous Dissipation}",
      journal = {\apjl},
     keywords = {Black Hole Physics, Cosmology: Theory, Galaxies: Interactions, Hydrodynamics, Methods: Numerical, Astrophysics},
         year = 2005,
        month = apr,
       volume = {623},
       number = {2},
        pages = {L67-L70},
          doi = {10.1086/430139},
archivePrefix = {arXiv},
       eprint = {astro-ph/0407407},
 primaryClass = {astro-ph},
       adsurl = {https://ui.adsabs.harvard.edu/abs/2005ApJ...623L..67K},
      adsnote = {Provided by the SAO/NASA Astrophysics Data System}
}

@ARTICLE{Chapon2013,
       author = {{Chapon}, Damien and {Mayer}, Lucio and {Teyssier}, Romain},
        title = "{Hydrodynamics of galaxy mergers with supermassive black holes: is there a last parsec problem?}",
      journal = {\mnras},
     keywords = {black hole physics, gravitational waves, hydrodynamics, methods: numerical, galaxies: structure, galaxies: interactions, Astrophysics - Astrophysics of Galaxies},
         year = 2013,
        month = mar,
       volume = {429},
       number = {4},
        pages = {3114-3122},
          doi = {10.1093/mnras/sts568},
archivePrefix = {arXiv},
       eprint = {1110.6086},
 primaryClass = {astro-ph.GA},
       adsurl = {https://ui.adsabs.harvard.edu/abs/2013MNRAS.429.3114C},
      adsnote = {Provided by the SAO/NASA Astrophysics Data System}
}

@ARTICLE{Governato1994,
       author = {{Governato}, F. and {Colpi}, M. and {Maraschi}, L.},
        title = "{The fate of central black holes in merging galaxies}",
      journal = {\mnras},
     keywords = {Astrophysics},
         year = 1994,
        month = nov,
       volume = {271},
        pages = {317},
          doi = {10.1093/mnras/271.2.317},
archivePrefix = {arXiv},
       eprint = {astro-ph/9407018},
 primaryClass = {astro-ph},
       adsurl = {https://ui.adsabs.harvard.edu/abs/1994MNRAS.271..317G},
      adsnote = {Provided by the SAO/NASA Astrophysics Data System}
}

@BOOK{Binney2008,
       author = {{Binney}, James and {Tremaine}, Scott},
        title = "{Galactic Dynamics: Second Edition}",
         year = 2008,
       adsurl = {https://ui.adsabs.harvard.edu/abs/2008gady.book.....B},
      adsnote = {Provided by the SAO/NASA Astrophysics Data System}
}

@ARTICLE{Tremmel2015,
       author = {{Tremmel}, M. and {Governato}, F. and {Volonteri}, M. and {Quinn}, T.~R.},
        title = "{Off the beaten path: a new approach to realistically model the orbital decay of supermassive black holes in galaxy formation simulations}",
      journal = {\mnras},
     keywords = {methods: numerical, galaxies: evolution, galaxies: kinematics and dynamics, quasars: supermassive black holes, Astrophysics - Astrophysics of Galaxies, Astrophysics - Instrumentation and Methods for Astrophysics},
         year = 2015,
        month = aug,
       volume = {451},
       number = {2},
        pages = {1868-1874},
          doi = {10.1093/mnras/stv1060},
archivePrefix = {arXiv},
       eprint = {1501.07609},
 primaryClass = {astro-ph.GA},
       adsurl = {https://ui.adsabs.harvard.edu/abs/2015MNRAS.451.1868T},
      adsnote = {Provided by the SAO/NASA Astrophysics Data System}
}

@ARTICLE{Tremmel2017,
       author = {{Tremmel}, M. and {Karcher}, M. and {Governato}, F. and {Volonteri}, M. and
         {Quinn}, T.~R. and {Pontzen}, A. and {Anderson}, L. and {Bellovary}, J.},
        title = "{The Romulus cosmological simulations: a physical approach to the formation, dynamics and accretion models of SMBHs}",
      journal = {\mnras},
     keywords = {methods: numerical, galaxies: general, quasars: supermassive black holes, Astrophysics - Astrophysics of Galaxies},
         year = 2017,
        month = sep,
       volume = {470},
       number = {1},
        pages = {1121-1139},
          doi = {10.1093/mnras/stx1160},
archivePrefix = {arXiv},
       eprint = {1607.02151},
 primaryClass = {astro-ph.GA},
       adsurl = {https://ui.adsabs.harvard.edu/abs/2017MNRAS.470.1121T},
      adsnote = {Provided by the SAO/NASA Astrophysics Data System}
}

@ARTICLE{Tremmel2018,
       author = {{Tremmel}, M. and {Governato}, F. and {Volonteri}, M. and {Quinn}, T.~R. and {Pontzen}, A.},
        title = "{Dancing to CHANGA: a self-consistent prediction for close SMBH pair formation time-scales following galaxy mergers}",
      journal = {\mnras},
     keywords = {black hole physics, gravitational waves, galaxies: evolution, galaxies: interactions, galaxies: kinematics and dynamics, quasars: supermassive black holes, Astrophysics - Astrophysics of Galaxies},
         year = 2018,
        month = apr,
       volume = {475},
       number = {4},
        pages = {4967-4977},
          doi = {10.1093/mnras/sty139},
archivePrefix = {arXiv},
       eprint = {1708.07126},
 primaryClass = {astro-ph.GA},
       adsurl = {https://ui.adsabs.harvard.edu/abs/2018MNRAS.475.4967T},
      adsnote = {Provided by the SAO/NASA Astrophysics Data System}
}

@ARTICLE{Ostriker1999,
       author = {{Ostriker}, Eve C.},
        title = "{Dynamical Friction in a Gaseous Medium}",
      journal = {\apj},
     keywords = {HYDRODYNAMICS, ISM: GENERAL, SHOCK WAVES, Hydrodynamics, ISM: General, Shock Waves, Astrophysics},
         year = 1999,
        month = mar,
       volume = {513},
       number = {1},
        pages = {252-258},
          doi = {10.1086/306858},
archivePrefix = {arXiv},
       eprint = {astro-ph/9810324},
 primaryClass = {astro-ph},
       adsurl = {https://ui.adsabs.harvard.edu/abs/1999ApJ...513..252O},
      adsnote = {Provided by the SAO/NASA Astrophysics Data System}
}

@ARTICLE{2001MNRAS.328..726S,
       author = {{Springel}, Volker and {White}, Simon D.~M. and {Tormen}, Giuseppe and {Kauffmann}, Guinevere},
        title = "{Populating a cluster of galaxies - I. Results at [formmu2]z=0}",
      journal = {\mnras},
     keywords = {GALAXIES: CLUSTERS: GENERAL, GALAXIES: FORMATION, DARK MATTER, Astrophysics},
         year = 2001,
        month = dec,
       volume = {328},
       number = {3},
        pages = {726-750},
          doi = {10.1046/j.1365-8711.2001.04912.x},
archivePrefix = {arXiv},
       eprint = {astro-ph/0012055},
 primaryClass = {astro-ph},
       adsurl = {https://ui.adsabs.harvard.edu/abs/2001MNRAS.328..726S},
      adsnote = {Provided by the SAO/NASA Astrophysics Data System}
}

@ARTICLE{2013ApJ...770...57B,
       author = {{Behroozi}, Peter S. and {Wechsler}, Risa H. and {Conroy}, Charlie},
        title = "{The Average Star Formation Histories of Galaxies in Dark Matter Halos from z = 0-8}",
      journal = {\apj},
     keywords = {dark matter, galaxies: abundances, galaxies: evolution, methods: numerical, Astrophysics - Cosmology and Extragalactic Astrophysics},
         year = 2013,
        month = jun,
       volume = {770},
       number = {1},
          eid = {57},
        pages = {57},
          doi = {10.1088/0004-637X/770/1/57},
archivePrefix = {arXiv},
       eprint = {1207.6105},
 primaryClass = {astro-ph.CO},
       adsurl = {https://ui.adsabs.harvard.edu/abs/2013ApJ...770...57B},
      adsnote = {Provided by the SAO/NASA Astrophysics Data System}
}

@ARTICLE{2016MNRAS.457.4340K,
       author = {{Klypin}, Anatoly and {Yepes}, Gustavo and {Gottl{\"o}ber}, Stefan and {Prada}, Francisco and {He{\ss}}, Steffen},
        title = "{MultiDark simulations: the story of dark matter halo concentrations and density profiles}",
      journal = {\mnras},
     keywords = {methods: numerical, galaxies: haloes, dark matter, Astrophysics - Cosmology and Nongalactic Astrophysics},
         year = 2016,
        month = apr,
       volume = {457},
       number = {4},
        pages = {4340-4359},
          doi = {10.1093/mnras/stw248},
archivePrefix = {arXiv},
       eprint = {1411.4001},
 primaryClass = {astro-ph.CO},
       adsurl = {https://ui.adsabs.harvard.edu/abs/2016MNRAS.457.4340K},
      adsnote = {Provided by the SAO/NASA Astrophysics Data System}
}

@ARTICLE{2019MNRAS.488.3143B,
       author = {{Behroozi}, Peter and {Wechsler}, Risa H. and {Hearin}, Andrew P. and {Conroy}, Charlie},
        title = "{UNIVERSEMACHINE: The correlation between galaxy growth and dark matter halo assembly from z = 0-10}",
      journal = {\mnras},
     keywords = {galaxies: formation, galaxies: haloes, Astrophysics - Astrophysics of Galaxies},
         year = 2019,
        month = sep,
       volume = {488},
       number = {3},
        pages = {3143-3194},
          doi = {10.1093/mnras/stz1182},
archivePrefix = {arXiv},
       eprint = {1806.07893},
 primaryClass = {astro-ph.GA},
       adsurl = {https://ui.adsabs.harvard.edu/abs/2019MNRAS.488.3143B},
      adsnote = {Provided by the SAO/NASA Astrophysics Data System}
}

@ARTICLE{Stefanon2021,
       author = {{Stefanon}, Mauro and {Bouwens}, Rychard J. and {Labb{\'e}}, Ivo and {Illingworth}, Garth D. and {Gonzalez}, Valentino and {Oesch}, Pascal A.},
        title = "{Galaxy Stellar Mass Functions from z\raisebox{-0.5ex}\textasciitilde10 to z\raisebox{-0.5ex}\textasciitilde6 using the Deepest Spitzer/IRAC Data: No Significant Evolution in the Stellar-to-Halo Mass Ratio of Galaxies in the First Gyr of Cosmic Time}",
      journal = {arXiv e-prints},
     keywords = {Astrophysics - Astrophysics of Galaxies},
         year = 2021,
        month = mar,
          eid = {arXiv:2103.16571},
        pages = {arXiv:2103.16571},
archivePrefix = {arXiv},
       eprint = {2103.16571},
 primaryClass = {astro-ph.GA},
       adsurl = {https://ui.adsabs.harvard.edu/abs/2021arXiv210316571S},
      adsnote = {Provided by the SAO/NASA Astrophysics Data System}
}

@ARTICLE{Tomczak2014,
       author = {{Tomczak}, Adam R. and {Quadri}, Ryan F. and {Tran}, Kim-Vy H. and {Labb{\'e}}, Ivo and {Straatman}, Caroline M.~S. and {Papovich}, Casey and {Glazebrook}, Karl and {Allen}, Rebecca and {Brammer}, Gabriel B. and {Kacprzak}, Glenn G. and {Kawinwanichakij}, Lalitwadee and {Kelson}, Daniel D. and {McCarthy}, Patrick J. and {Mehrtens}, Nicola and {Monson}, Andrew J. and {Persson}, S. Eric and {Spitler}, Lee R. and {Tilvi}, Vithal and {van Dokkum}, Pieter},
        title = "{Galaxy Stellar Mass Functions from ZFOURGE/CANDELS: An Excess of Low-mass Galaxies since z = 2 and the Rapid Buildup of Quiescent Galaxies}",
      journal = {\apj},
     keywords = {galaxies: evolution, galaxies: high-redshift, galaxies: luminosity function, mass function, Astrophysics - Cosmology and Nongalactic Astrophysics},
         year = 2014,
        month = mar,
       volume = {783},
       number = {2},
          eid = {85},
        pages = {85},
          doi = {10.1088/0004-637X/783/2/85},
archivePrefix = {arXiv},
       eprint = {1309.5972},
 primaryClass = {astro-ph.CO},
       adsurl = {https://ui.adsabs.harvard.edu/abs/2014ApJ...783...85T},
      adsnote = {Provided by the SAO/NASA Astrophysics Data System}
}

@ARTICLE{2021arXiv211000584K,
       author = {{Kannan}, R. and {Garaldi}, E. and {Smith}, A. and {Pakmor}, R. and {Springel}, V. and {Vogelsberger}, M. and {Hernquist}, L.},
        title = "{Introducing the THESAN project: radiation-magneto-hydrodynamic simulations of the Epoch of Reionization}",
      journal = {arXiv e-prints},
     keywords = {Astrophysics - Astrophysics of Galaxies, Astrophysics - Cosmology and Nongalactic Astrophysics},
         year = 2021,
        month = oct,
          eid = {arXiv:2110.00584},
        pages = {arXiv:2110.00584},
archivePrefix = {arXiv},
       eprint = {2110.00584},
 primaryClass = {astro-ph.GA},
       adsurl = {https://ui.adsabs.harvard.edu/abs/2021arXiv211000584K},
      adsnote = {Provided by the SAO/NASA Astrophysics Data System}
}

@ARTICLE{2016ApJ...817..118T,
       author = {{Tomczak}, Adam R. and {Quadri}, Ryan F. and {Tran}, Kim-Vy H. and {Labb{\'e}}, Ivo and {Straatman}, Caroline M.~S. and {Papovich}, Casey and {Glazebrook}, Karl and {Allen}, Rebecca and {Brammer}, Gabreil B. and {Cowley}, Michael and {Dickinson}, Mark and {Elbaz}, David and {Inami}, Hanae and {Kacprzak}, Glenn G. and {Morrison}, Glenn E. and {Nanayakkara}, Themiya and {Persson}, S. Eric and {Rees}, Glen A. and {Salmon}, Brett and {Schreiber}, Corentin and {Spitler}, Lee R. and {Whitaker}, Katherine E.},
        title = "{The SFR-M* Relation and Empirical Star-Formation Histories from ZFOURGE* at 0.5 < z < 4}",
      journal = {\apj},
     keywords = {galaxies: evolution, galaxies: luminosity function, mass function, galaxies: star formation, Astrophysics - Astrophysics of Galaxies},
         year = 2016,
        month = feb,
       volume = {817},
       number = {2},
          eid = {118},
        pages = {118},
          doi = {10.3847/0004-637X/817/2/118},
archivePrefix = {arXiv},
       eprint = {1510.06072},
 primaryClass = {astro-ph.GA},
       adsurl = {https://ui.adsabs.harvard.edu/abs/2016ApJ...817..118T},
      adsnote = {Provided by the SAO/NASA Astrophysics Data System}
}

@ARTICLE{2018MNRAS.475..648P,
       author = {{Pillepich}, Annalisa and {Nelson}, Dylan and {Hernquist}, Lars and {Springel}, Volker and {Pakmor}, R{\"u}diger and {Torrey}, Paul and {Weinberger}, Rainer and {Genel}, Shy and {Naiman}, Jill P. and {Marinacci}, Federico and {Vogelsberger}, Mark},
        title = "{First results from the IllustrisTNG simulations: the stellar mass content of groups and clusters of galaxies}",
      journal = {\mnras},
     keywords = {methods: numerical, galaxies: clusters: general, galaxies: general, galaxies: groups: general, cosmology: theory, Astrophysics - Astrophysics of Galaxies, Astrophysics - Cosmology and Nongalactic Astrophysics},
         year = 2018,
        month = mar,
       volume = {475},
       number = {1},
        pages = {648-675},
          doi = {10.1093/mnras/stx3112},
archivePrefix = {arXiv},
       eprint = {1707.03406},
 primaryClass = {astro-ph.GA},
       adsurl = {https://ui.adsabs.harvard.edu/abs/2018MNRAS.475..648P},
      adsnote = {Provided by the SAO/NASA Astrophysics Data System}
}

@ARTICLE{2014MNRAS.445..175G,
       author = {{Genel}, Shy and {Vogelsberger}, Mark and {Springel}, Volker and {Sijacki}, Debora and {Nelson}, Dylan and {Snyder}, Greg and {Rodriguez-Gomez}, Vicente and {Torrey}, Paul and {Hernquist}, Lars},
        title = "{Introducing the Illustris project: the evolution of galaxy populations across cosmic time}",
      journal = {\mnras},
     keywords = {hydrodynamics, methods: numerical, galaxies: evolution, galaxies: formation, galaxies: high-redshift, cosmology: theory, Astrophysics - Cosmology and Nongalactic Astrophysics, Astrophysics - Astrophysics of Galaxies},
         year = 2014,
        month = nov,
       volume = {445},
       number = {1},
        pages = {175-200},
          doi = {10.1093/mnras/stu1654},
archivePrefix = {arXiv},
       eprint = {1405.3749},
 primaryClass = {astro-ph.CO},
       adsurl = {https://ui.adsabs.harvard.edu/abs/2014MNRAS.445..175G},
      adsnote = {Provided by the SAO/NASA Astrophysics Data System}
}

@ARTICLE{2021ApJ...914...19S,
       author = {{Sanders}, Ryan L. and {Shapley}, Alice E. and {Jones}, Tucker and {Reddy}, Naveen A. and {Kriek}, Mariska and {Siana}, Brian and {Coil}, Alison L. and {Mobasher}, Bahram and {Shivaei}, Irene and {Dav{\'e}}, Romeel and {Azadi}, Mojegan and {Price}, Sedona H. and {Leung}, Gene and {Freeman}, William R. and {Fetherolf}, Tara and {de Groot}, Laura and {Zick}, Tom and {Barro}, Guillermo},
        title = "{The MOSDEF Survey: The Evolution of the Mass-Metallicity Relation from z = 0 to z 3.3}",
      journal = {\apj},
     keywords = {Galaxy evolution, Galaxy chemical evolution, High-redshift galaxies, Galaxy abundances, Chemical abundances, Metallicity, Galaxy winds, Emission line galaxies, 594, 580, 734, 574, 224, 1031, 626, 459, Astrophysics - Astrophysics of Galaxies},
         year = 2021,
        month = jun,
       volume = {914},
       number = {1},
          eid = {19},
        pages = {19},
          doi = {10.3847/1538-4357/abf4c1},
archivePrefix = {arXiv},
       eprint = {2009.07292},
 primaryClass = {astro-ph.GA},
       adsurl = {https://ui.adsabs.harvard.edu/abs/2021ApJ...914...19S},
      adsnote = {Provided by the SAO/NASA Astrophysics Data System}
}

@ARTICLE{2019MNRAS.484.5587T,
       author = {{Torrey}, Paul and {Vogelsberger}, Mark and {Marinacci}, Federico and {Pakmor}, R{\"u}diger and {Springel}, Volker and {Nelson}, Dylan and {Naiman}, Jill and {Pillepich}, Annalisa and {Genel}, Shy and {Weinberger}, Rainer and {Hernquist}, Lars},
        title = "{The evolution of the mass-metallicity relation and its scatter in IllustrisTNG}",
      journal = {\mnras},
     keywords = {methods: numerical, galaxies: evolution, galaxies: general, Astrophysics - Astrophysics of Galaxies},
         year = 2019,
        month = apr,
       volume = {484},
       number = {4},
        pages = {5587-5607},
          doi = {10.1093/mnras/stz243},
archivePrefix = {arXiv},
       eprint = {1711.05261},
 primaryClass = {astro-ph.GA},
       adsurl = {https://ui.adsabs.harvard.edu/abs/2019MNRAS.484.5587T},
      adsnote = {Provided by the SAO/NASA Astrophysics Data System}
}

@ARTICLE{2015ApJ...799..183S,
       author = {{Salmon}, Brett and {Papovich}, Casey and {Finkelstein}, Steven L. and {Tilvi}, Vithal and {Finlator}, Kristian and {Behroozi}, Peter and {Dahlen}, Tomas and {Dav{\'e}}, Romeel and {Dekel}, Avishai and {Dickinson}, Mark and {Ferguson}, Henry C. and {Giavalisco}, Mauro and {Long}, James and {Lu}, Yu and {Mobasher}, Bahram and {Reddy}, Naveen and {Somerville}, Rachel S. and {Wechsler}, Risa H.},
        title = "{The Relation between Star Formation Rate and Stellar Mass for Galaxies at 3.5 <= z <= 6.5 in CANDELS}",
      journal = {\apj},
     keywords = {galaxies: distances and redshifts, galaxies: evolution, galaxies: fundamental parameters, Magellanic Clouds, Astrophysics - Astrophysics of Galaxies},
         year = 2015,
        month = feb,
       volume = {799},
       number = {2},
          eid = {183},
        pages = {183},
          doi = {10.1088/0004-637X/799/2/183},
archivePrefix = {arXiv},
       eprint = {1407.6012},
 primaryClass = {astro-ph.GA},
       adsurl = {https://ui.adsabs.harvard.edu/abs/2015ApJ...799..183S},
      adsnote = {Provided by the SAO/NASA Astrophysics Data System}
}

@ARTICLE{WFIRST,
       author = {{Spergel}, D. and {Gehrels}, N. and {Baltay}, C. and {Bennett}, D. and {Breckinridge}, J. and {Donahue}, M. and {Dressler}, A. and {Gaudi}, B.~S. and {Greene}, T. and {Guyon}, O. and {Hirata}, C. and {Kalirai}, J. and {Kasdin}, N.~J. and {Macintosh}, B. and {Moos}, W. and {Perlmutter}, S. and {Postman}, M. and {Rauscher}, B. and {Rhodes}, J. and {Wang}, Y. and {Weinberg}, D. and {Benford}, D. and {Hudson}, M. and {Jeong}, W. -S. and {Mellier}, Y. and {Traub}, W. and {Yamada}, T. and {Capak}, P. and {Colbert}, J. and {Masters}, D. and {Penny}, M. and {Savransky}, D. and {Stern}, D. and {Zimmerman}, N. and {Barry}, R. and {Bartusek}, L. and {Carpenter}, K. and {Cheng}, E. and {Content}, D. and {Dekens}, F. and {Demers}, R. and {Grady}, K. and {Jackson}, C. and {Kuan}, G. and {Kruk}, J. and {Melton}, M. and {Nemati}, B. and {Parvin}, B. and {Poberezhskiy}, I. and {Peddie}, C. and {Ruffa}, J. and {Wallace}, J.~K. and {Whipple}, A. and {Wollack}, E. and {Zhao}, F.},
        title = "{Wide-Field InfrarRed Survey Telescope-Astrophysics Focused Telescope Assets WFIRST-AFTA 2015 Report}",
      journal = {arXiv e-prints},
     keywords = {Astrophysics - Instrumentation and Methods for Astrophysics},
         year = 2015,
        month = mar,
          eid = {arXiv:1503.03757},
        pages = {arXiv:1503.03757},
archivePrefix = {arXiv},
       eprint = {1503.03757},
 primaryClass = {astro-ph.IM},
       adsurl = {https://ui.adsabs.harvard.edu/abs/2015arXiv150303757S},
      adsnote = {Provided by the SAO/NASA Astrophysics Data System}
}

@ARTICLE{Euclid2019,
       author = {{Euclid Collaboration} and {Barnett}, R. and {Warren}, S.~J. and {Mortlock}, D.~J. and {Cuby}, J. -G. and {Conselice}, C. and {Hewett}, P.~C. and {Willott}, C.~J. and {Auricchio}, N. and {Balaguera-Antol{\'\i}nez}, A. and {Baldi}, M. and {Bardelli}, S. and {Bellagamba}, F. and {Bender}, R. and {Biviano}, A. and {Bonino}, D. and {Bozzo}, E. and {Branchini}, E. and {Brescia}, M. and {Brinchmann}, J. and {Burigana}, C. and {Camera}, S. and {Capobianco}, V. and {Carbone}, C. and {Carretero}, J. and {Carvalho}, C.~S. and {Castander}, F.~J. and {Castellano}, M. and {Cavuoti}, S. and {Cimatti}, A. and {Cl{\'e}dassou}, R. and {Congedo}, G. and {Conversi}, L. and {Copin}, Y. and {Corcione}, L. and {Coupon}, J. and {Courtois}, H.~M. and {Cropper}, M. and {Da Silva}, A. and {Duncan}, C.~A.~J. and {Dusini}, S. and {Ealet}, A. and {Farrens}, S. and {Fosalba}, P. and {Fotopoulou}, S. and {Fourmanoit}, N. and {Frailis}, M. and {Fumana}, M. and {Galeotta}, S. and {Garilli}, B. and {Gillard}, W. and {Gillis}, B.~R. and {Graci{\'a}-Carpio}, J. and {Grupp}, F. and {Hoekstra}, H. and {Hormuth}, F. and {Israel}, H. and {Jahnke}, K. and {Kermiche}, S. and {Kilbinger}, M. and {Kirkpatrick}, C.~C. and {Kitching}, T. and {Kohley}, R. and {Kubik}, B. and {Kunz}, M. and {Kurki-Suonio}, H. and {Laureijs}, R. and {Ligori}, S. and {Lilje}, P.~B. and {Lloro}, I. and {Maiorano}, E. and {Mansutti}, O. and {Marggraf}, O. and {Martinet}, N. and {Marulli}, F. and {Massey}, R. and {Mauri}, N. and {Medinaceli}, E. and {Mei}, S. and {Mellier}, Y. and {Metcalf}, R.~B. and {Metge}, J.~J. and {Meylan}, G. and {Moresco}, M. and {Moscardini}, L. and {Munari}, E. and {Neissner}, C. and {Niemi}, S.~M. and {Nutma}, T. and {Padilla}, C. and {Paltani}, S. and {Pasian}, F. and {Paykari}, P. and {Percival}, W.~J. and {Pettorino}, V. and {Polenta}, G. and {Poncet}, M. and {Pozzetti}, L. and {Raison}, F. and {Renzi}, A. and {Rhodes}, J. and {Rix}, H. -W. and {Romelli}, E. and {Roncarelli}, M. and {Rossetti}, E. and {Saglia}, R. and {Sapone}, D. and {Scaramella}, R. and {Schneider}, P. and {Scottez}, V. and {Secroun}, A. and {Serrano}, S. and {Sirri}, G. and {Stanco}, L. and {Sureau}, F. and {Tallada-Cresp{\'\i}}, P. and {Tavagnacco}, D. and {Taylor}, A.~N. and {Tenti}, M. and {Tereno}, I. and {Toledo-Moreo}, R. and {Torradeflot}, F. and {Valenziano}, L. and {Vassallo}, T. and {Wang}, Y. and {Zacchei}, A. and {Zamorani}, G. and {Zoubian}, J. and {Zucca}, E.},
        title = "{Euclid preparation. V. Predicted yield of redshift 7 < z < 9 quasars from the wide survey}",
      journal = {\aap},
     keywords = {quasars: general, methods: statistical, surveys, Astrophysics - Astrophysics of Galaxies, Astrophysics - Cosmology and Nongalactic Astrophysics},
         year = 2019,
        month = nov,
       volume = {631},
          eid = {A85},
        pages = {A85},
          doi = {10.1051/0004-6361/201936427},
archivePrefix = {arXiv},
       eprint = {1908.04310},
 primaryClass = {astro-ph.GA},
       adsurl = {https://ui.adsabs.harvard.edu/abs/2019A&A...631A..85E},
      adsnote = {Provided by the SAO/NASA Astrophysics Data System}
}

@ARTICLE{Hirschmann2014,
       author = {{Hirschmann}, Michaela and {Dolag}, Klaus and {Saro}, Alexandro and
         {Bachmann}, Lisa and {Borgani}, Stefano and {Burkert}, Andreas},
        title = "{Cosmological simulations of black hole growth: AGN luminosities and downsizing}",
      journal = {\mnras},
     keywords = {methods: numerical, galaxies: active, galaxies: evolution, quasars: general, quasars: supermassive black holes, galaxies: statistics, Astrophysics - Cosmology and Nongalactic Astrophysics},
         year = 2014,
        month = aug,
       volume = {442},
       number = {3},
        pages = {2304-2324},
          doi = {10.1093/mnras/stu1023},
archivePrefix = {arXiv},
       eprint = {1308.0333},
 primaryClass = {astro-ph.CO},
       adsurl = {https://ui.adsabs.harvard.edu/abs/2014MNRAS.442.2304H},
      adsnote = {Provided by the SAO/NASA Astrophysics Data System}
}

@ARTICLE{Dubois2015,
       author = {{Dubois}, Yohan and {Volonteri}, Marta and {Silk}, Joseph and {Devriendt}, Julien and {Slyz}, Adrianne and {Teyssier}, Romain},
        title = "{Black hole evolution - I. Supernova-regulated black hole growth}",
      journal = {\mnras},
     keywords = {methods: numerical, galaxies: active, galaxies: evolution, galaxies: formation, Astrophysics - Astrophysics of Galaxies},
         year = 2015,
        month = sep,
       volume = {452},
       number = {2},
        pages = {1502-1518},
          doi = {10.1093/mnras/stv1416},
archivePrefix = {arXiv},
       eprint = {1504.00018},
 primaryClass = {astro-ph.GA},
       adsurl = {https://ui.adsabs.harvard.edu/abs/2015MNRAS.452.1502D},
      adsnote = {Provided by the SAO/NASA Astrophysics Data System}
}


@ARTICLE{Volonteri2016Horizon-AGN,
       author = {{Volonteri}, M. and {Dubois}, Y. and {Pichon}, C. and {Devriendt}, J.},
        title = "{The cosmic evolution of massive black holes in the Horizon-AGN simulation}",
      journal = {\mnras},
     keywords = {methods: numerical, galaxies: active, galaxies: evolution, Astrophysics - Astrophysics of Galaxies, Astrophysics - Cosmology and Nongalactic Astrophysics, Astrophysics - High Energy Astrophysical Phenomena},
         year = 2016,
        month = aug,
       volume = {460},
       number = {3},
        pages = {2979-2996},
          doi = {10.1093/mnras/stw1123},
archivePrefix = {arXiv},
       eprint = {1602.01941},
 primaryClass = {astro-ph.GA},
       adsurl = {https://ui.adsabs.harvard.edu/abs/2016MNRAS.460.2979V},
      adsnote = {Provided by the SAO/NASA Astrophysics Data System}
}

@ARTICLE{Khandai2015,
       author = {{Khandai}, Nishikanta and {Di Matteo}, Tiziana and {Croft}, Rupert and {Wilkins}, Stephen and {Feng}, Yu and {Tucker}, Evan and {DeGraf}, Colin and {Liu}, Mao-Sheng},
        title = "{The MassiveBlack-II simulation: the evolution of haloes and galaxies to z {\ensuremath{\sim}} 0}",
      journal = {\mnras},
     keywords = {methods: numerical, galaxies: evolution, galaxies: formation, quasars: general, cosmology: theory, large-scale structure of Universe, Astrophysics - Cosmology and Nongalactic Astrophysics, Astrophysics - Astrophysics of Galaxies},
         year = 2015,
        month = jun,
       volume = {450},
       number = {2},
        pages = {1349-1374},
          doi = {10.1093/mnras/stv627},
archivePrefix = {arXiv},
       eprint = {1402.0888},
 primaryClass = {astro-ph.CO},
       adsurl = {https://ui.adsabs.harvard.edu/abs/2015MNRAS.450.1349K},
      adsnote = {Provided by the SAO/NASA Astrophysics Data System}
}

@ARTICLE{Dave2019-simba,
       author = {{Dav{\'e}}, Romeel and {Angl{\'e}s-Alc{\'a}zar}, Daniel and {Narayanan}, Desika and {Li}, Qi and {Rafieferantsoa}, Mika H. and {Appleby}, Sarah},
        title = "{SIMBA: Cosmological simulations with black hole growth and feedback}",
      journal = {\mnras},
     keywords = {galaxies: evolution, galaxies: formation, Astrophysics - Astrophysics of Galaxies, Astrophysics - Cosmology and Nongalactic Astrophysics},
         year = 2019,
        month = jun,
       volume = {486},
       number = {2},
        pages = {2827-2849},
          doi = {10.1093/mnras/stz937},
archivePrefix = {arXiv},
       eprint = {1901.10203},
 primaryClass = {astro-ph.GA},
       adsurl = {https://ui.adsabs.harvard.edu/abs/2019MNRAS.486.2827D},
      adsnote = {Provided by the SAO/NASA Astrophysics Data System}
}

@ARTICLE{2021A&A...653A.154T,
       author = {{Trebitsch}, Maxime and {Dubois}, Yohan and {Volonteri}, Marta and {Pfister}, Hugo and {Cadiou}, Corentin and {Katz}, Harley and {Rosdahl}, Joakim and {Kimm}, Taysun and {Pichon}, Christophe and {Beckmann}, Ricarda S. and {Devriendt}, Julien and {Slyz}, Adrianne},
        title = "{The OBELISK simulation: Galaxies contribute more than AGN to H I reionization of protoclusters}",
      journal = {\aap},
     keywords = {methods: numerical, galaxies: formation, galaxies: high-redshift, intergalactic medium, quasars: supermassive black holes, dark ages, reionization, first stars, Astrophysics - Astrophysics of Galaxies, Astrophysics - Cosmology and Nongalactic Astrophysics},
         year = 2021,
        month = sep,
       volume = {653},
          eid = {A154},
        pages = {A154},
          doi = {10.1051/0004-6361/202037698},
archivePrefix = {arXiv},
       eprint = {2002.04045},
 primaryClass = {astro-ph.GA},
       adsurl = {https://ui.adsabs.harvard.edu/abs/2021A&A...653A.154T},
      adsnote = {Provided by the SAO/NASA Astrophysics Data System}
}


@ARTICLE{DiMatteo2017,
       author = {{Di Matteo}, Tiziana and {Croft}, Rupert A.~C. and {Feng}, Yu and {Waters}, Dacen and {Wilkins}, Stephen},
        title = "{The origin of the most massive black holes at high-z: BlueTides and the next quasar frontier}",
      journal = {\mnras},
     keywords = {black hole physics, methods: numerical, galaxies: formation, galaxies: high-redshift, early Universe, large-scale structure of Universe, Astrophysics - Astrophysics of Galaxies, Astrophysics - Cosmology and Nongalactic Astrophysics},
         year = 2017,
        month = jun,
       volume = {467},
       number = {4},
        pages = {4243-4251},
          doi = {10.1093/mnras/stx319},
archivePrefix = {arXiv},
       eprint = {1606.08871},
 primaryClass = {astro-ph.GA},
       adsurl = {https://ui.adsabs.harvard.edu/abs/2017MNRAS.467.4243D},
      adsnote = {Provided by the SAO/NASA Astrophysics Data System}
}

@ARTICLE{Tenneti2018,
       author = {{Tenneti}, Ananth and {Di Matteo}, Tiziana and {Croft}, Rupert and {Garcia}, ThomasJae and {Feng}, Yu},
        title = "{The descendants of the first quasars in the BlueTides simulation}",
      journal = {\mnras},
     keywords = {hydrodynamics, methods: numerical, galaxies: high-redshift, quasars: supermassive black holes, early Universe, Astrophysics - Astrophysics of Galaxies, Astrophysics - Cosmology and Nongalactic Astrophysics},
         year = 2018,
        month = feb,
       volume = {474},
       number = {1},
        pages = {597-603},
          doi = {10.1093/mnras/stx2788},
archivePrefix = {arXiv},
       eprint = {1708.03373},
 primaryClass = {astro-ph.GA},
       adsurl = {https://ui.adsabs.harvard.edu/abs/2018MNRAS.474..597T},
      adsnote = {Provided by the SAO/NASA Astrophysics Data System}
}

@ARTICLE{Huang2018,
       author = {{Huang}, Kuan-Wei and {Di Matteo}, Tiziana and {Bhowmick}, Aklant K. and {Feng}, Yu and {Ma}, Chung-Pei},
        title = "{BLUETIDES simulation: establishing black hole-galaxy relations at high redshift}",
      journal = {\mnras},
     keywords = {black hole physics, methods: numerical, galaxies: high-redshift, Astrophysics - Astrophysics of Galaxies},
         year = 2018,
        month = aug,
       volume = {478},
       number = {4},
        pages = {5063-5073},
          doi = {10.1093/mnras/sty1329},
archivePrefix = {arXiv},
       eprint = {1801.04951},
 primaryClass = {astro-ph.GA},
       adsurl = {https://ui.adsabs.harvard.edu/abs/2018MNRAS.478.5063H},
      adsnote = {Provided by the SAO/NASA Astrophysics Data System}
}

@ARTICLE{Bhowmick2018,
       author = {{Bhowmick}, Aklant K. and {Di Matteo}, Tiziana and {Feng}, Yu and {Lanusse}, Francois},
        title = "{The clustering of z > 7 galaxies: predictions from the BLUETIDES simulation}",
      journal = {\mnras},
     keywords = {galaxies: evolution, galaxies: formation, galaxies: haloes, galaxies: high-redshift, galaxies: statistics, large-scale structure of Universe, Astrophysics - Cosmology and Nongalactic Astrophysics},
         year = 2018,
        month = mar,
       volume = {474},
       number = {4},
        pages = {5393-5405},
          doi = {10.1093/mnras/stx3149},
archivePrefix = {arXiv},
       eprint = {1707.02312},
 primaryClass = {astro-ph.CO},
       adsurl = {https://ui.adsabs.harvard.edu/abs/2018MNRAS.474.5393B},
      adsnote = {Provided by the SAO/NASA Astrophysics Data System}
}



@ARTICLE{Ni2018,
       author = {{Ni}, Yueying and {Di Matteo}, Tiziana and {Feng}, Yu and {Croft}, Rupert A.~C. and {Tenneti}, Ananth},
        title = "{Gas outflows from the z = 7.54 quasar: predictions from the BLUETIDES simulation}",
      journal = {\mnras},
     keywords = {methods: numerical, galaxies: evolution, quasars: general, Astrophysics - Astrophysics of Galaxies, Astrophysics - Cosmology and Nongalactic Astrophysics},
         year = 2018,
        month = dec,
       volume = {481},
       number = {4},
        pages = {4877-4884},
          doi = {10.1093/mnras/sty2616},
archivePrefix = {arXiv},
       eprint = {1806.00184},
 primaryClass = {astro-ph.GA},
       adsurl = {https://ui.adsabs.harvard.edu/abs/2018MNRAS.481.4877N},
      adsnote = {Provided by the SAO/NASA Astrophysics Data System}
}

@ARTICLE{Marshall2020,
       author = {{Marshall}, Madeline A. and {Ni}, Yueying and {Di Matteo}, Tiziana and {Wyithe}, J. Stuart B. and {Wilkins}, Stephen and {Croft}, Rupert A.~C. and {Kuusisto}, Jussi K.},
        title = "{The host galaxies of z = 7 quasars: predictions from the BLUETIDES simulation}",
      journal = {\mnras},
     keywords = {galaxies: quasars: supermassive black holes, galaxies: evolution, galaxies: high-redshift, Astrophysics - Astrophysics of Galaxies},
         year = 2020,
        month = dec,
       volume = {499},
       number = {3},
        pages = {3819-3836},
          doi = {10.1093/mnras/staa2982},
archivePrefix = {arXiv},
       eprint = {1912.03428},
 primaryClass = {astro-ph.GA},
       adsurl = {https://ui.adsabs.harvard.edu/abs/2020MNRAS.499.3819M},
      adsnote = {Provided by the SAO/NASA Astrophysics Data System}
}



@ARTICLE{Marshall2021,
       author = {{Marshall}, Madeline A. and {Wyithe}, J. Stuart B. and {Windhorst}, Rogier A. and {Di Matteo}, Tiziana and {Ni}, Yueying and {Wilkins}, Stephen and {Croft}, Rupert A.~C. and {Mechtley}, Mira},
        title = "{Observing the host galaxies of high-redshift quasars with JWST: predictions from the BlueTides simulation}",
      journal = {arXiv e-prints},
     keywords = {Astrophysics - Astrophysics of Galaxies},
         year = 2021,
        month = jan,
          eid = {arXiv:2101.01219},
        pages = {arXiv:2101.01219},
archivePrefix = {arXiv},
       eprint = {2101.01219},
 primaryClass = {astro-ph.GA},
       adsurl = {https://ui.adsabs.harvard.edu/abs/2021arXiv210101219M},
      adsnote = {Provided by the SAO/NASA Astrophysics Data System}
}

@ARTICLE{Ni2020,
       author = {{Ni}, Yueying and {Di Matteo}, Tiziana and {Gilli}, Roberto and {Croft}, Rupert A.~C. and {Feng}, Yu and {Norman}, Colin},
        title = "{QSO obscuration at high redshift (z {\ensuremath{\gtrsim}} 7): predictions from the BLUETIDES simulation}",
      journal = {\mnras},
     keywords = {galaxies: formation, galaxies: high-redshift, quasars: supermassive black holes, Astrophysics - Astrophysics of Galaxies},
         year = 2020,
        month = jun,
       volume = {495},
       number = {2},
        pages = {2135-2151},
          doi = {10.1093/mnras/staa1313},
archivePrefix = {arXiv},
       eprint = {1912.03780},
 primaryClass = {astro-ph.GA},
       adsurl = {https://ui.adsabs.harvard.edu/abs/2020MNRAS.495.2135N},
      adsnote = {Provided by the SAO/NASA Astrophysics Data System}
}
